@article{ENNIS200572,
    title = {{A hollow cathode proton transfer reaction time of flight mass spectrometer}},
    year = {2005},
    journal = {International Journal of Mass Spectrometry},
    author = {Ennis, C J and Reynolds, J C and Keely, B J and Carpenter, L J},
    number = {1},
    pages = {72--80},
    volume = {247},
    url = {http://www.sciencedirect.com/science/article/pii/S1387380605002472},
    doi = {10.1016/j.ijms.2005.09.008},
    issn = {1387-3806},
    keywords = {Atmospheric analysis, Proton transfer reaction mass spectrometry, Time of flight mass spectrometry}
}

@article{RN1254,
    title = {{Applications of switching reagent ions in proton transfer reaction mass spectrometric instruments for the improved selectivity of explosive compounds}},
    year = {2013},
    journal = {International Journal of Mass Spectrometry},
    author = {Sulzer, Philipp and Agarwal, Bishu and J{\"{u}}rschik, Simone and Lanza, Matteo and Jordan, Alfons and Hartungen, Eugen and Hanel, Gernot and Mark, Lukas and Mark, Tilmann D and Gonz{\'{a}}lez-M{\'{e}}ndez, Ramón and Watts, Peter and Mayhew, Chris A},
    pages = {123--128},
    volume = {354},
    doi = {10.1016/j.ijms.2013.05.004},
    issn = {1387-3806}
}

@article{amann2014,
    title = {{Assessment of the exhalation kinetics of volatile cancer biomarkers based on their physicochemical properties}},
    year = {2014},
    journal = {Journal of Breath Research},
    author = {Amann, Anton and Mochalski, Pawel and Ruzsanyi, Vera and Broza, Yoav Y and Haick, Hossam},
    number = {1},
    pages = {16003},
    volume = {8},
    url = {http://stacks.iop.org/1752-7163/8/i=1/a=016003}
}

@misc{nistoxygen,
    title = {{Atomic weights and isotopic compositions for oxygen}},
    year = {2018},
    author = {{NIST}},
    url = {https://physics.nist.gov/cgi-bin/Compositions/stand_alone.pl?ele=O&isotype=some}
}

@article{doi:10.1021/ac990346w,
    title = {{Characterization of an Improved Electrodynamic Ion Funnel Interface for Electrospray Ionization Mass Spectrometry}},
    year = {1999},
    journal = {Analytical Chemistry},
    author = {Shaffer, Scott A and Tolmachev, Aleksey and Prior, David C and Anderson, Gordon A and Udseth, Harold R and Smith, Richard D},
    number = {15},
    pages = {2957--2964},
    volume = {71},
    url = {https://doi.org/10.1021/ac990346w},
    doi = {10.1021/ac990346w}
}

@article{Chung123,
    title = {{Characterizing the transmission properties of an ion funnel}},
    year = {2000},
    journal = {Rapid Communications in Mass Spectrometry},
    author = {Lynn, Eric C and Chung, Ming-Chun and Han, Chau-Chung},
    number = {22},
    pages = {2129--2134},
    volume = {14},
    url = {https://onlinelibrary.wiley.com/doi/abs/10.1002/1097-0231%2820001130%2914%3A22%3C2129%3A%3AAID-RCM144%3E3.0.CO%3B2-M},
    doi = {10.1002/1097-0231(20001130)14:22<2129::AID-RCM144>3.0.CO;2-M}
}

@article{ketones,
    title = {{Compendium of the reactions of {\{}H{\textbackslash}textsubscript{\{}3{\}}O{\textbackslash}textsuperscript{\{}+{\}}{\}} with selected ketones of relevance to breath analysis using {\{}Proton Transfer Reaction Mass Spectrometry{\}}}},
    year = {2019},
    journal = {Frontiers in Chemistry...},
    author = {Mal{\'{a}}skov{\'{a}}, Michaela and Olivenza-Le{\'{o}}n, David and Piel, Felix and Mochalski, Pawel and Ruzsanyi, Veronika and Sulzer, Philipp and J{\"{u}}rschik, Simone and Mayhew, Chris A and M{\"{a}}rk, Tilmann D},
    number = {1},
    pages = {1},
    volume = {1},
    keywords = {mio, p, publicado}
}

@article{doi:10.1002/rcm.7254,
    title = {{Determination of residence times of ions in a resistive glass selected ion flow-drift tube using the {\{}H{\}}adamard transformation}},
    journal = {Rapid Communications in Mass Spectrometry},
    author = {Spesyvyi, Anatolii and {\v{S}}pan{\v{e}}l, Patrik},
    number = {17},
    pages = {1563--1570},
    volume = {29},
    url = {https://onlinelibrary.wiley.com/doi/abs/10.1002/rcm.7254},
    doi = {10.1002/rcm.7254}
}

@article{GONZALEZMENDEZ201513,
    title = {{Development and use of a thermal desorption unit and proton transfer reaction mass spectrometry for trace explosive detection: Determination of the instrumental limits of detection and an investigation of memory effects}},
    year = {2015},
    journal = {International Journal of Mass Spectrometry},
    author = {Gonz{\'{a}}lez-M{\'{e}}ndez, Ramón and Reich, D Fraser and Mullock, Stephen J and Corlett, Clive A and Mayhew, Chris A},
    pages = {13--18},
    volume = {385},
    url = {http://www.sciencedirect.com/science/article/pii/S1387380615001293},
    doi = {https://doi.org/10.1016/j.ijms.2015.05.003},
    issn = {1387-3806},
    keywords = {Explosives, Explosives detection, Proton transfer reaction mass spectrometry (PTR-MS, Thermal desorption unit}
}

@article{RN445,
    title = {{Development and use of a thermal desorption unit and proton transfer reaction mass spectrometry for trace explosive detection: Determination of the instrumental limits of detection and an investigation of memory effects}},
    year = {2015},
    journal = {International Journal of Mass Spectrometry},
    author = {Gonz{\'{a}}lez-M{\'{e}}ndez, Ramón and Reich, D Fraser and Mullock, Stephen J and Corlett, Clive A and Mayhew, Christopher A},
    pages = {13--18},
    volume = {385},
    doi = {10.1016/j.ijms.2015.05.003},
    issn = {1387-3806}
}

@article{doi:10.1002/jms.3519,
    title = {{Enhanced simulation of an {\{}RF{\}} ion funnel including gas turbulence}},
    year = {2015},
    journal = {Journal of Mass Spectrometry},
    author = {Tridas, Eric and Anthony, J Mark and Guldiken, Rasim and Schlaf, Rudy},
    number = {1},
    pages = {206--211},
    volume = {50},
    url = {https://onlinelibrary.wiley.com/doi/abs/10.1002/jms.3519},
    doi = {10.1002/jms.3519},
    keywords = {computational fluid dynamics, electrospray, ion funnel, ion optics, {\{}SIMION{\}}}
}

@article{doi:10.1063/1.556018,
    title = {{Evaluated Gas Phase Basicities and Proton Affinities of Molecules: An Update}},
    year = {1998},
    journal = {Journal of Physical and Chemical Reference Data},
    author = {Hunter, Edward P L and Lias, Sharon G},
    number = {3},
    pages = {413--656},
    volume = {27},
    url = {https://doi.org/10.1063/1.556018},
    doi = {10.1063/1.556018}
}

@article{doi:10.1021/jf020922g,
    title = {{Gas Chromatography-Olfactometry ({\{}GC-O{\}}) and Proton Transfer Reaction-Mass Spectrometry ({\{}PTR-MS{\}}) Analysis of the Flavor Profile of Grana Padano, Parmigiano Reggiano, and Grana Trentino Cheeses}},
    year = {2003},
    journal = {Journal of Agricultural and Food Chemistry},
    author = {Boscaini, Elena and van Ruth, Saskia and Biasioli, Franco and Gasperi, Flavia and M{\"{a}}rk, Tilmann D},
    number = {7},
    pages = {1782--1790},
    volume = {51},
    url = {https://doi.org/10.1021/jf020922g},
    doi = {10.1021/jf020922g}
}

@article{doi:10.1002/rcm.1290030312,
    title = {{Gas Phase Ion - Molecule Reaction Rate Constants Through 1986.}},
    year = {1987},
    journal = {Maruzen Company Ltd, Tokyo},
    author = {Ikezoe, Yasumasa and Matsuoka, Shingo and Takebe, Masahiro and Viggiano, Albert}
}

@article{GRAUS20101037,
    title = {{High Resolution {\{}PTR-TOF{\}}: Quantification and Formula Confirmation of {\{}VOC{\}} in Real Time}},
    year = {2010},
    journal = {Journal of the American Society for Mass Spectrometry},
    author = {Graus, Martin and M{\"{u}}ller, Markus and Hansel, Armin},
    number = {6},
    pages = {1037--1044},
    volume = {21},
    url = {http://www.sciencedirect.com/science/article/pii/S1044030510001005},
    doi = {10.1016/j.jasms.2010.02.006},
    issn = {1044-0305}
}

@article{doi:10.1152/jappl.2001.91.2.762,
    title = {{Human breath isoprene and its relation to blood cholesterol levels: new measurements and modeling}},
    year = {2001},
    journal = {Journal of Applied Physiology},
    author = {Karl, Thomas and Prazeller, Peter and Mayr, Dagmar and Jordan, Alfons and Rieder, Josef and Fall, Ray and Lindinger, Werner},
    number = {2},
    pages = {762--770},
    volume = {91},
    url = {https://doi.org/10.1152/jappl.2001.91.2.762},
    doi = {10.1152/jappl.2001.91.2.762}
}

@article{barber2012increased,
    title = {{Increased sensitivity in proton transfer reaction mass spectrometry by incorporation of a radio frequency ion funnel}},
    year = {2012},
    journal = {Analytical chemistry},
    author = {Barber, Shane and Blake, Robert S and White, Iain R and Monks, Paul S and Reich, Fraser and Mullock, Steve and Ellis, Andrew M},
    number = {12},
    pages = {5387--5391},
    volume = {84},
    publisher = {ACS Publications}
}

@article{doi:10.1021/jf803998c,
    title = {{Investigation of Volatile Compounds in Two Raspberry Cultivars by Two Headspace Techniques: Solid-Phase Microextraction/Gas Chromatography-Mass Spectrometry ({\{}SPME/GC-MS{\}}) and Proton-Transfer Reaction-Mass Spectrometry ({\{}PTR-MS{\}})}},
    year = {2009},
    journal = {Journal of Agricultural and Food Chemistry},
    author = {Aprea, Eugenio and Biasioli, Franco and Carlin, Silvia and Endrizzi, Isabella and Gasperi, Flavia},
    number = {10},
    pages = {4011--4018},
    volume = {57},
    url = {https://doi.org/10.1021/jf803998c},
    doi = {10.1021/jf803998c}
}

@article{appelhans2002measurement,
    title = {{Measurement of external ion injection and trapping efficiency in the ion trap mass spectrometer and comparison with a predictive model}},
    year = {2002},
    journal = {International Journal of Mass Spectrometry},
    author = {Appelhans, Anthony David and Dahl, David Adrian},
    number = {3},
    pages = {269--284},
    volume = {216},
    publisher = {Elsevier}
}

@article{Dotan,
    title = {{Mobilities of {\{}CO{\textbackslash}textsubscript{\{}2{\}}{\textbackslash}textsuperscript{\{}+{\}}{\}}, {\{}N{\textbackslash}textsubscript{\{}2{\}}H{\textbackslash}textsuperscript{\{}+{\}}{\}}, {\{}H{\textbackslash}textsubscript{\{}3{\}}O{\textbackslash}textsuperscript{\{}+{\}}{\}}, {\{}H{\textbackslash}textsubscript{\{}3{\}}O{\textbackslash}textsuperscript{\{}+{\}}H{\textbackslash}textsubscript{\{}2{\}}O{\}}, and {\{}H{\textbackslash}textsubscript{\{}3{\}}O{\textbackslash}textsuperscript{\{}+{\}}(H{\textbackslash}textsubs}},
    year = {1976},
    journal = {The Journal of Chemical Physics},
    author = {Dotan, I and Albritton, D L and Lindinger, W and Pahl, M},
    number = {11},
    pages = {5028--5030},
    volume = {65},
    url = {https://doi.org/10.1063/1.432943},
    doi = {10.1063/1.432943}
}}

@article{TOLMACHEV2003155,
    title = {{Modeling the ion density distribution in collisional cooling RF multipole ion guides}},
    year = {2003},
    journal = {International Journal of Mass Spectrometry},
    author = {Tolmachev, Aleksey V and Udseth, Harold R and Smith, Richard D},
    number = {1},
    pages = {155--174},
    volume = {222},
    url = {http://www.sciencedirect.com/science/article/pii/S1387380602009600},
    doi = {https://doi.org/10.1016/S1387-3806(02)00960-0},
    issn = {1387-3806},
    keywords = {Computer modeling, Ion cooling, Mass range, Simulation, Space charge}
}

@book{hirschfelder1954molecular,
    title = {{Molecular theory of gases and liquids}},
    year = {1954},
    author = {Hirschfelder, Joseph O and Curtiss, Charles F and Bird, Robert Byron and Mayer, Maria Goeppert},
    volume = {26},
    publisher = {Wiley New York}
}

@article{RN601,
    title = {{On-line monitoring of volatile organic compounds at pptv levels by means of proton-transfer-reaction mass spectrometry ({\{}PTR-MS{\}}). {\{}M{\}}edical applications, food control and environmental research}},
    year = {1998},
    journal = {International Journal of Mass Spectrometry and Ion Processes},
    author = {Lindinger, Werner and Hansel, Armin and Jordan, Alfons},
    number = {3},
    pages = {191--241},
    volume = {173},
    url = {http://www.sciencedirect.com/science/article/pii/S0168117697002814},
    doi = {10.1016/S0168-1176(97)00281-4},
    issn = {0168-1176},
    keywords = {Breath analysis, Henry's constants, On-line monitoring, Proton-Transfer-Reaction Mass Spectrometer, Tropospheric trace constituents, VOC emissions}
}

@article{ROGERS200626,
    title = {{On-road measurements of volatile organic compounds in the {\{}M{\}}exico {\{}C{\}}ity metropolitan area using proton transfer reaction mass spectrometry}},
    year = {2006},
    journal = {International Journal of Mass Spectrometry},
    author = {Rogers, T M and Grimsrud, E P and Herndon, S C and Jayne, J T and Kolb, C E and Allwine, E and Westberg, H and Lamb, B K and Zavala, M and Molina, L T and Molina, M J and Knighton, W B},
    number = {1},
    pages = {26--37},
    volume = {252},
    url = {http://www.sciencedirect.com/science/article/pii/S1387380606000583},
    doi = {https://doi.org/10.1016/j.ijms.2006.01.027},
    issn = {1387-3806},
    keywords = {Chemical ionization, PTR-MS, Proton transfer, VOC emissions, Vehicle exhaust}
}

@article{su1994parametrization,
    title = {{Parametrization of kinetic energy dependences of ion--polar molecule collision rate constants by trajectory calculations}},
    year = {1994},
    journal = {The Journal of chemical physics},
    author = {Su, Timothy},
    number = {6},
    pages = {4703},
    volume = {100},
    publisher = {AIP}
}

@article{Mode,
    title = {{( Provisional ) Results in DC mode versus RF mode}},
    pages = {304}
}

@article{Cuantice20093,
    title = {{) = 4 , 2 3 3}},
    year = {2009},
    author = {Cuantice, I Originile Fizicii},
    pages = {1--8},
    volume = {3}
}

@article{Cuantice20093b,
    title = {{) = 4 , 2 3 3}},
    year = {2009},
    author = {Cuantice, I Originile Fizicii},
    pages = {1--8},
    volume = {3}
}

@article{Cuantice20093c,
    title = {{) = 4 , 2 3 3}},
    year = {2009},
    author = {Cuantice, I Originile Fizicii},
    pages = {1--8},
    volume = {3}
}

@article{Leon2016Name,
    title = {{* Gender * Surname/Family Name}},
    year = {2016},
    author = {Leon, Olivenza and Road, S T Denis and Oak, Selly and Kingdom, J Y United and Road, S T Denis and Oak, Selly and Kingdom, United},
    pages = {8--12}
}

@article{.0,
    title = {{. 2 6 0}},
    journal = {Vacuum},
    pages = {10--11}
}

@article{Bjork..0,
    title = {{.. 0 0}},
    author = {Bjork, Anna},
    pages = {0}
}

@article{Sigler1981.0,
    title = {{.[ 0 0}},
    year = {1981},
    author = {Sigler, David R and Ii, C H A R L E S L Gibbons},
    pages = {1978--1980},
    volume = {33}
}

@article{//,
    title = {{/ a C / N C /}},
    pages = {220},
    volume = {55},
    isbn = {0258358734},
    doi = {10.3724/SP.J.1077.2013.12466}
}

@article{201103.,
    title = {{0 0 3.}},
    year = {2011},
    pages = {3025}
}

@article{201103.b,
    title = {{0 0 3.}},
    year = {2011},
    pages = {3025}
}

@article{198610,
    title = {{1 0 . 0}},
    year = {1986},
    pages = {8--9},
    volume = {3}
}

@article{Health20071,
    title = {{1 1 1 6 (}},
    year = {2007},
    author = {Health, Sch},
    pages = {8}
}

@article{1001,
    title = {{100 2-pentanone 1}},
    pages = {2293},
    volume = {02293}
}

@article{1001b,
    title = {{100 2-pentanone 1}},
    volume = {02293}
}

@article{1002,
    title = {{100 2-pentanone 2}},
    pages = {2293},
    volume = {02293}
}

@misc{18.2013.pdf,
    title = {{18. Monthly report June 2013.pdf}}
}

@article{2H,
    title = {{2 -B u ta n o n e , 3 -m e th y l- C 5 H}},
    pages = {8}
}

@article{2Hb,
    title = {{2 -B u ta n o n e , 3 -m e th y l- C 5 H}},
    pages = {8}
}

@article{2,
    title = {{2 -D e c a n o n e ( C O ) 2 -D e c a n o n e ( C O )}},
    pages = {8}
}

@article{2b,
    title = {{2 -D e c a n o n e ( C O ) 2 -D e c a n o n e ( C O )}},
    pages = {8}
}

@article{2C,
    title = {{2 -D e c a n o n e C 2 -D e c a n o n e C}},
    pages = {8}
}

@article{2Cb,
    title = {{2 -D e c a n o n e C 2 -D e c a n o n e C}},
    pages = {8}
}

@article{2d,
    title = {{2 -H e p ta n o n e ( C 7 H O ) 2 -H e p ta n o n e ( C 7 H O )}},
    pages = {8}
}

@article{2e,
    title = {{2 -H e p ta n o n e ( C 7 H O ) 2 -H e p ta n o n e ( C 7 H O )}},
    pages = {8}
}

@article{2Hc,
    title = {{2 -H e p ta n o n e C 7 H 2 -H e p ta n o n e C 7 H}},
    pages = {8}
}

@article{2Hd,
    title = {{2 -H e p ta n o n e C 7 H 2 -H e p ta n o n e C 7 H}},
    pages = {8}
}

@article{2f,
    title = {{2 -H e x a n o n e ( C 6 H O ) 2 -H e x a n o n e ( C 6 H O )}},
    pages = {8}
}

@article{2g,
    title = {{2 -H e x a n o n e ( C 6 H O ) 2 -H e x a n o n e ( C 6 H O )}},
    pages = {8}
}

@article{2He,
    title = {{2 -H e x a n o n e C 6 H 2 -H e x a n o n e C 6 H}},
    pages = {8}
}

@article{2Hf,
    title = {{2 -H e x a n o n e C 6 H 2 -H e x a n o n e C 6 H}},
    pages = {8}
}

@article{2i,
    title = {{2 -M e th y l-3 -h e p ta n o n e ( C 8 H O ) 2 -M e th y l-3 -h e p ta n o n e ( C 8 H O )}},
    pages = {8}
}

@article{2j,
    title = {{2 -M e th y l-3 -h e p ta n o n e ( C 8 H O ) 2 -M e th y l-3 -h e p ta n o n e ( C 8 H O ) P ro d u c t Io n B ra n c h in g P e rc e n ta g e s ({\%} ) P ro d u c t Io n B ra n c h in g P e rc e n ta g e s ({\%} )}},
    pages = {8}
}

@article{2k,
    title = {{2 -M e th y l-3 -h e x a n o n e ( C 7 H O ) 2 -M e th y l-3 -h e x a n o n e ( C 7 H O )}},
    pages = {8}
}

@article{2l,
    title = {{2 -M e th y l-3 -h e x a n o n e ( C 7 H O ) 2 -M e th y l-3 -h e x a n o n e ( C 7 H O )}},
    pages = {8}
}

@article{2m,
    title = {{2 -M e th y l-3 -p e n ta n o n e ( C 6 H O ) 2 -M e th y l-3 -p e n ta n o n e ( C 6 H O )}},
    pages = {8}
}

@article{2n,
    title = {{2 -M e th y l-3 -p e n ta n o n e ( C 6 H O ) 2 -M e th y l-3 -p e n ta n o n e ( C 6 H O )}},
    pages = {8}
}

@article{2o,
    title = {{2 -N o n a n o n e ( C 9 H O ) 2 -N o n a n o n e ( C 9 H O )}},
    pages = {9}
}

@article{2p,
    title = {{2 -N o n a n o n e ( C 9 H O ) 2 -N o n a n o n e ( C 9 H O ) P ro d u c t Io n B ra n c h in g P e rc e n ta g e s ({\%} ) P ro d u c t Io n B ra n c h in g P e rc e n ta g e s ({\%} )}},
    pages = {9}
}

@article{2Hg,
    title = {{2 -N o n a n o n e C 9 H 2 -N o n a n o n e C 9 H}},
    pages = {9}
}

@article{2q,
    title = {{2 -N o n a n o n e C 9 H 2 -N o n a n o n e C 9 H P ro d u c t Io n B ra n c h in g P e rc e n ta g e s ({\%} ) P ro d u c t Io n B ra n c h in g P e rc e n ta g e s ({\%} )}},
    pages = {9}
}

@article{2r,
    title = {{2 -P e n ta n o n e ( C 5 H O ) 2 -P e n ta n o n e ( C 5 H O )}},
    pages = {8}
}

@article{2s,
    title = {{2 -P e n ta n o n e ( C 5 H O ) 2 -P e n ta n o n e ( C 5 H O )}},
    pages = {8}
}

@article{2Hh,
    title = {{2 -P e n ta n o n e , 3 -m e th y l- C 6 H}},
    pages = {8}
}

@article{2Hi,
    title = {{2 -P e n ta n o n e , 3 -m e th y l- C 6 H}},
    pages = {8}
}

@article{2Hj,
    title = {{2 -P e n ta n o n e C 5 H 2 -P e n ta n o n e C 5 H}},
    pages = {8}
}

@article{2Hk,
    title = {{2 -P e n ta n o n e C 6 H 2 -P e n ta n o n e C 6 H}},
    pages = {8}
}

@article{2-butanone,
    title = {{2-butanone ( H 3 O + ) Relative abundance ({\%}) E / N ( Td )}},
    pages = {220},
    volume = {06}
}

@article{200,
    title = {{200 ng cocaine in methanol RF Relative abundance ({\%}) PTR Entry voltage ( V )}},
    number = {V},
    pages = {300}
}

@misc{286_plot1.pdf,
    title = {{286{\_}plot (1).pdf}}
}

@article{Ii200632,
    title = {{3 ), 3 ) 3 ) 2}},
    year = {2006},
    author = {Ii, B A B},
    pages = {7--18},
    doi = {10.1139/V03-140}
}

@article{3,
    title = {{3 -D e c a n o n e ( C O ) 3 -D e c a n o n e ( C O )}},
    pages = {8}
}

@article{3b,
    title = {{3 -D e c a n o n e ( C O ) 3 -D e c a n o n e ( C O )}},
    pages = {8}
}

@article{3C,
    title = {{3 -D e c a n o n e C 3 -D e c a n o n e C}},
    pages = {8}
}

@article{3d,
    title = {{3 -D e c a n o n e C 3 -D e c a n o n e C P ro d u c t Io n B ra n c h in g P e rc e n ta g e s ({\%} )}},
    pages = {8}
}

@article{3e,
    title = {{3 -H e p ta n o n e ( C 7 H O ) 3 -H e p ta n o n e ( C 7 H O )}},
    pages = {8}
}

@article{3f,
    title = {{3 -H e p ta n o n e ( C 7 H O ) 3 -H e p ta n o n e ( C 7 H O )}},
    pages = {8}
}

@article{3g,
    title = {{3 -H e p ta n o n e , 2 -m e th y l- C 8 H P ro d u c t Io n B ra n c h in g P e rc e n ta g e s ({\%} ) P ro d u c t Io n B ra n c h in g P e rc e n ta g e s ({\%} )}},
    pages = {8}
}

@article{3H,
    title = {{3 -H e p ta n o n e C 7 H 3 -H e p ta n o n e C 7 H}},
    pages = {8}
}

@article{3Hb,
    title = {{3 -H e p ta n o n e C 7 H 3 -H e p ta n o n e C 7 H}},
    pages = {8}
}

@article{3i,
    title = {{3 -H e x a n o n e ( C 6 H O ) 3 -H e x a n o n e ( C 6 H O )}},
    pages = {8}
}

@article{3j,
    title = {{3 -H e x a n o n e ( C 6 H O ) 3 -H e x a n o n e ( C 6 H O )}},
    pages = {8}
}

@article{3Hc,
    title = {{3 -H e x a n o n e , 2 -m e th y l- C 7 H}},
    pages = {8}
}

@article{3Hd,
    title = {{3 -H e x a n o n e , 2 -m e th y l- C 7 H}},
    pages = {8}
}

@article{3He,
    title = {{3 -H e x a n o n e C 6 H 3 -H e x a n o n e C 6 H}},
    pages = {8}
}

@article{3Hf,
    title = {{3 -H e x a n o n e C 6 H 3 -H e x a n o n e C 6 H}},
    pages = {8}
}

@article{3k,
    title = {{3 -M e th y l-2 -b u ta n o n e ( C 5 H O ) 3 -M e th y l-2 -b u ta n o n e ( C 5 H O )}},
    pages = {8}
}

@article{3l,
    title = {{3 -M e th y l-2 -b u ta n o n e ( C 5 H O ) 3 -M e th y l-2 -b u ta n o n e ( C 5 H O )}},
    pages = {8}
}

@article{3m,
    title = {{3 -M e th y l-2 -p e n ta n o n e ( C 6 H O ) 3 -M e th y l-2 -p e n ta n o n e ( C 6 H O )}},
    pages = {8}
}

@article{3n,
    title = {{3 -M e th y l-2 -p e n ta n o n e ( C 6 H O ) 3 -M e th y l-2 -p e n ta n o n e ( C 6 H O )}},
    pages = {8}
}

@article{3o,
    title = {{3 -N o n a n o n e ( C 9 H O ) 3 -N o n a n o n e ( C 9 H O )}},
    pages = {9}
}

@article{3p,
    title = {{3 -N o n a n o n e ( C 9 H O ) 3 -N o n a n o n e ( C 9 H O )}},
    pages = {9}
}

@article{3Hg,
    title = {{3 -N o n a n o n e C 9 H 3 -N o n a n o n e C 9 H}},
    pages = {9}
}

@article{3Hh,
    title = {{3 -N o n a n o n e C 9 H 3 -N o n a n o n e C 9 H}},
    pages = {9}
}

@article{3q,
    title = {{3 -O c ta n o n e ( C 8 H O ) 3 -O c ta n o n e ( C 8 H O )}},
    pages = {8}
}

@article{3r,
    title = {{3 -O c ta n o n e ( C 8 H O ) 3 -O c ta n o n e ( C 8 H O )}},
    pages = {8}
}

@article{3s,
    title = {{3 -P e n ta n o n e ( C 5 H O ) 3 -P e n ta n o n e ( C 5 H O )}},
    pages = {8}
}

@article{3t,
    title = {{3 -P e n ta n o n e ( C 5 H O ) 3 -P e n ta n o n e ( C 5 H O )}},
    pages = {8}
}

@article{3Hi,
    title = {{3 -P e n ta n o n e , 2 -m e th y l C 4 H 3 -P e n ta n o n e , 2 -m e th y l- C 6 H}},
    pages = {8}
}

@article{3Hj,
    title = {{3 -P e n ta n o n e , 2 -m e th y l- C 6 H}},
    pages = {8}
}

@article{3Hk,
    title = {{3 -P e n ta n o n e C 5 H 3 -P e n ta n o n e C 5 H}},
    pages = {8}
}

@article{3Hl,
    title = {{3 -P e n ta n o n e C 5 H 3 -P e n ta n o n e C 5 H}},
    pages = {8}
}

@article{Mock200732,
    title = {{3 3 3 2}},
    year = {2007},
    author = {Mock, Kcse and Papers, Past},
    pages = {1--8}
}

@article{Level198330,
    title = {{3 {\~{}} 3 0}},
    year = {1983},
    author = {Level, T W O},
    pages = {1422--1428}
}

@article{Level198330b,
    title = {{3 {\~{}} 3 0}},
    year = {1983},
    author = {Level, T W O},
    pages = {1422--1428}
}

@article{3-decanone,
    title = {{3-decanone ( H 3 O + ) Relative abundance ({\%}) E / N ( Td )}},
    pages = {220}
}

@article{3-heptanone,
    title = {{3-heptanone ( H 3 O + ) Relative abundance ({\%}) E / N ( Td )}},
    pages = {220},
    volume = {05}
}

@article{3-hexanone,
    title = {{3-hexanone ( H 3 O + ) Relative abundance ({\%}) E / N ( Td )}},
    pages = {220},
    volume = {05}
}

@article{3-nonanone,
    title = {{3-nonanone ( H 3 O + ) Relative abundance ({\%}) E / N ( Td )}},
    pages = {220},
    volume = {06}
}

@article{Section20163.8.6Spectrometry,
    title = {{3.8.6 Mass spectrometry}},
    year = {2016},
    author = {Section, Chemistry and Index, Eight Peak},
    pages = {6--11}
}

@article{Dewberry20153D-printedSpectroscopy,
    title = {{3D-printed slit nozzles for Fourier transform microwave spectroscopy}},
    year = {2015},
    journal = {Review of Scientific Instruments},
    author = {Dewberry, Christopher T. and Mackenzie, Rebecca B. and Green, Susan and Leopold, Kenneth R.},
    number = {6},
    volume = {86},
    url = {http://dx.doi.org/10.1063/1.4922852},
    doi = {10.1063/1.4922852},
    issn = {10897623},
    pmid = {26133873}
}

@article{4,
    title = {{4 -H e p ta n o n e ( C 7 H O ) 4 -H e p ta n o n e ( C 7 H O )}},
    pages = {8}
}

@article{4b,
    title = {{4 -H e p ta n o n e ( C 7 H O ) 4 -H e p ta n o n e ( C 7 H O )}},
    pages = {8}
}

@article{4H,
    title = {{4 -H e p ta n o n e C 7 H 4 -H e p ta n o n e C 7 H}},
    pages = {8}
}

@article{4c,
    title = {{4 -H e p ta n o n e C 7 H 4 -H e p ta n o n e C 7 H P ro d u c t Io n B ra n c h in g P e rc e n ta g e s ({\%} ) P ro d u c t Io n B ra n c h in g P e rc e n ta g e s ({\%} )}},
    pages = {8}
}

@article{200040,
    title = {{4 2 1 0}},
    year = {2000},
    pages = {4000},
    volume = {0}
}

@article{200040b,
    title = {{4 2 1 0}},
    year = {2000},
    pages = {4000},
    volume = {0}
}

@misc{4Signed.pdf,
    title = {{4 2017 yeaarly pcdp signed.pdf}}
}

@misc{62018.pdf,
    title = {{6 monthly report march 2018.pdf}}
}

@misc{6Signed.pdf,
    title = {{6 months reports march 2017 signed.pdf}}
}

@article{A,
    title = {{a ) D ry 2 -B u ta n o n e C 4 H b ) H u m id 2 -B u ta n o n e C 4 H P ro d u c t Io n B ra n c h in g P e rc e n ta g e s ({\%} )}},
    pages = {8}
}

@article{AH,
    title = {{a ) D ry 2 -B u ta n o n e C 4 H b ) H u m id 2 -B u ta n o n e C 4 H P ro d u c t Io n B ra n c h in g P e rc e n ta g e s ({\%} ) E / N ( T d ) 2 -P e n ta n o n e C 6 H}}
}

@article{AHb,
    title = {{a ) D ry b ) H u m id 2 -B u ta n o n e C 4 H 2 -B u ta n o n e C 4 H P ro d u c t Io n B ra n c h in g P e rc e n ta g e s ({\%} ) 2 -P e n ta n o n e C 6 H}}
}

@article{Ab,
    title = {{a ) N o rm a l 2 -B u ta n o n e ( C 4 H b ) H u m id O ) 2 -B u ta n o n e ( C 4 H O )}},
    pages = {8}
}

@article{Ac,
    title = {{a ) N o rm a l 2 -B u ta n o n e ( C 4 H b ) H u m id O ) 2 -B u ta n o n e ( C 4 H O ) P ro d u c t Io n B ra n c h in g P e rc e n ta g e s ({\%} )}},
    pages = {8}
}

@article{Ad,
    title = {{a ) N o rm a l 2 -B u ta n o n e ( C 4 H b ) H u m id O ) 2 -B u ta n o n e ( C 4 H O ) P ro d u c t Io n B ra n c h in g P e rc e n ta g e s ({\%} ) E / N ( T d ) 2 -P e n ta n o n e ( C 5 H O ) O )}}
}

@article{Ae,
    title = {{a ) N o rm a l 2 -B u ta n o n e ( C 4 H b ) H u m id O ) 2 -B u ta n o n e ( C 4 H O ) P ro d u c t Io n B ra n c h in g P e rc e n ta g e s ({\%} ) E / N ( T d ) 2 -P e n ta n o n e ( C 5 H O ) O )}}
}

@article{Af,
    title = {{a ) N o rm a l 2 -B u ta n o n e ( C 4 H b ) H u m id O ) 2 -B u ta n o n e ( C 4 H O ) P ro d u c t Io n B ra n c h in g P e rc e n ta g e s ({\%} ) E / N ( T d ) 2 -P e n ta n o n e ( C 5 H O ) O )}}
}

@article{AHc,
    title = {{a ) N o rm a l 2 -B u ta n o n e C 4 H b ) H u m id 2 -B u ta n o n e C 4 H}},
    pages = {8}
}

@article{AHd,
    title = {{a ) N o rm a l 2 -B u ta n o n e C 4 H b ) H u m id 2 -B u ta n o n e C 4 H E / N ( T d ) 2 -P e n ta n o n e C 5 H}}
}

@article{AHe,
    title = {{a ) N o rm a l 2 -B u ta n o n e C 4 H b ) H u m id 2 -B u ta n o n e C 4 H E / N ( T d ) 2 -P e n ta n o n e C 5 H}}
}

@article{Geschwind1968A250,
    title = {{a 350 300 250}},
    year = {1968},
    author = {Geschwind, Gary},
    number = {September},
    pages = {1--2},
    isbn = {0006732976},
    doi = {10.1103/PhysRevB.83.094522},
    issn = {00207292},
    pmid = {26433680},
    arxivId = {arXiv:cond-mat/0610115v1},
    archivePrefix = {arXiv},
    eprint = {0610115v1},
    primaryClass = {cond-mat}
}

@article{Mata2012AAcid,
    title = {{A broadband Fourier-transform microwave spectrometer with laser ablation source : The rotational spectrum of nicotinic acid}},
    year = {2012},
    journal = {Journal of Molecular Spectroscopy},
    author = {Mata, S and Pe{\~{n}}a, I and Cabezas, C and L{\'{o}}pez, J C and Alonso, J L},
    pages = {91--96},
    volume = {280},
    publisher = {Elsevier Inc.},
    url = {http://dx.doi.org/10.1016/j.jms.2012.08.004},
    doi = {10.1016/j.jms.2012.08.004},
    issn = {0022-2852}
}

@article{Oldham2014ASystem,
    title = {{A chirped-pulse Fourier transform microwave/ pulsed uniform flow spectrometer: I. The low-temperature flow system}},
    year = {2014},
    journal = {Journal of Chemical Physics},
    author = {Oldham, James M. and Abeysekera, Chamara and Joalland, Baptiste and Zack, Lindsay N. and Prozument, Kirill and Sims, Ian R. and Park, G. Barratt and Field, Robert, W. and Suits, Arthur G.},
    number = {2014},
    pages = {1--8},
    volume = {submitted},
    url = {http://dx.doi.org/10.1063/1.4897979},
    doi = {10.1063/1.4897979},
    issn = {0021-9606}
}

@article{Tolmachev1997ASpectrometer,
    title = {{A collisional focusing ion guide for coupling an atmospheric pressure ion source to a mass spectrometer}},
    year = {1997},
    journal = {Nuclear Instruments and Methods in Physics Research Section B: Beam Interactions with Materials and Atoms},
    author = {Tolmachev, a V and Chernushevich, I V and Dodonov, a F and Standing, K G},
    number = {1},
    pages = {112--119},
    volume = {124},
    url = {http://www.sciencedirect.com/science/article/pii/S0168583X97000682},
    isbn = {0168-583X},
    doi = {http://dx.doi.org/10.1016/S0168-583X(97)00068-2},
    issn = {0168-583X}
}

@article{Ennis2005ASpectrometer,
    title = {{A hollow cathode proton transfer reaction time of flight mass spectrometer}},
    year = {2005},
    journal = {International Journal of Mass Spectrometry},
    author = {Ennis, C. J. and Reynolds, J. C. and Keely, B. J. and Carpenter, L. J.},
    number = {1-3},
    pages = {72--80},
    volume = {247},
    isbn = {1387-3806},
    doi = {10.1016/j.ijms.2005.09.008},
    issn = {13873806},
    pmid = {233978900011},
    keywords = {Atmospheric analysis, Proton transfer reaction mass spectrometry, Time of flight mass spectrometry}
}

@article{Brito2012AThesis,
    title = {{A Lightweight High-sensitivity Chemical Mass Spectrometer for Organic Compounds, Ph.D. thesis}},
    year = {2012},
    author = {Brito, Joel},
    number = {April},
    keywords = {Airborne Measurements, Atmospheric Chemistry, PTR-MS, VOCs}
}

@article{Heffner2007AEchnology,
    title = {{a Nalytical C Hip T Echnology}},
    year = {2007},
    journal = {New York},
    author = {Heffner, Steven and Krul, Ken},
    number = {November},
    pages = {1--36},
    isbn = {9780824758431}
}

@article{Shaffer1997ASpectrometry,
    title = {{A novel ion funnel for focusing ions at elevated pressure using electrospray ionization mass spectrometry}},
    year = {1997},
    journal = {Rapid Communications in Mass Spectrometry},
    author = {Shaffer, S a and Tang, K Q and Anderson, G a and Prior, D C and Udseth, H R and Smith, R D},
    number = {16},
    pages = {1813--1817},
    volume = {11},
    url = {<Go to ISI>://WOS:A1997YE89400012},
    isbn = {0951-4198},
    keywords = {principles, proteins}
}

@article{Shaffer1997ASpectrometryb,
    title = {{A novel ion funnel for focusing ions at elevated pressure using electrospray ionization mass spectrometry}},
    year = {1997},
    journal = {Rapid Communications in Mass Spectrometry},
    author = {Shaffer, Scott A. and Tang, Keqi and Anderson, Gordon A. and Prior, David C. and Udseth, Harold R. and Smith, Richard D.},
    number = {16},
    pages = {1813--1817},
    volume = {11},
    isbn = {0951-4198},
    doi = {10.1002/(SICI)1097-0231(19971030)11:16<1813::AID-RCM87>3.0.CO;2-D},
    issn = {09514198}
}

@article{Acetone,
    title = {{Acetone DC mode E / N ( Td ) Intensity ( c / s ) PTR Entry Voltage ( V )}},
    number = {V},
    pages = {400}
}

@article{Acetoneb,
    title = {{Acetone DC mode E / N ( Td ) Intensity ( c / s ) PTR Entry Voltage ( V )}},
    number = {V},
    pages = {400}
}

@article{Acetonec,
    title = {{Acetone DC vs RF mode E / N ( Td ) [ only for DC mode ] Intensity ( c / s ) PTR Entry Voltage ( V )}},
    number = {V},
    pages = {400}
}

@article{Acetoned,
    title = {{Acetone DC vs RF mode E / N ( Td ) [ only for DC mode ] Intensity ( c / s ) PTR Entry Voltage ( V )}},
    number = {V},
    pages = {400}
}

@article{Acetonee,
    title = {{Acetone RF mode Intensity ( c / s ) PTR Entry Voltage ( V )}},
    number = {V},
    pages = {400}
}

@article{Acetonef,
    title = {{Acetone RF mode Intensity ( c / s ) PTR Entry Voltage ( V )}},
    number = {V},
    pages = {400}
}

@article{Jordan1995AcetonitrilePTR-MS,
    title = {{Acetonitrile and benzene in the breath of smokers and non-smokers investigated by proton transfer reaction mass spectrometry (PTR-MS)}},
    year = {1995},
    journal = {International Journal of Mass Spectrometry and Ion Processes},
    author = {Jordan, A. and Hansel, A. and Holzinger, R. and Lindinger, W.},
    number = {1-2},
    pages = {68--70},
    volume = {148},
    isbn = {0168-1176},
    doi = {10.1016/0168-1176(95)04236-E},
    issn = {01681176},
    keywords = {Acetonitrile, Benzene, Breath analysis, Non-smokers, Proton transfer reaction mass spectrometry (PTR-MS, Smokers}
}

@article{Jordan1995AcetonitrilePTR-MSb,
    title = {{Acetonitrile and benzene in the breath of smokers and non-smokers investigated by proton transfer reaction mass spectrometry (PTR-MS)}},
    year = {1995},
    journal = {International Journal of Mass Spectrometry and Ion Processes},
    author = {Jordan, A. and Hansel, A. and Holzinger, R. and Lindinger, W.},
    number = {1-2},
    pages = {68--70},
    volume = {148},
    isbn = {0168-1176},
    doi = {10.1016/0168-1176(95)04236-E},
    issn = {01681176},
    keywords = {Acetonitrile, Benzene, Breath analysis, Non-smokers, Proton transfer reaction mass spectrometry (PTR-MS, Smokers}
}

@book{Yinon1993AdvancesExplosives,
    title = {{Advances in Analysis and Detection of Explosives}},
    year = {1993},
    booktitle = {Energy},
    author = {Yinon, Jehuda},
    pages = {542},
    url = {http://link.springer.com/10.1007/978-94-017-0639-1},
    isbn = {978-90-481-4241-5},
    doi = {10.1007/978-94-017-0639-1}
}

@article{Portillo-Estrada2013AdvantagesVOCs,
    title = {{Advantages of PTR-MS and PTR-TOF-MS techniques for measuring volatile organic compounds (VOCs)}},
    year = {2013},
    journal = {Scientific Bulletin of ESCORENA},
    author = {Portillo-Estrada, Miguel},
    pages = {1--3},
    volume = {8},
    url = {http://www.uav.ro/jour/index.php/sbe/article/download/164/170}
}

@article{AltlandAltlandElectrodynamics,
    title = {{Altland book 117 - Classical Electrodynamics}},
    author = {Altland, Alexander}
}

@article{Page2007AnSpectrometers,
    title = {{An electrodynamic ion funnel interface for greater sensitivity and higher throughput with linear ion trap mass spectrometers}},
    year = {2007},
    journal = {International Journal of Mass Spectrometry},
    author = {Page, Jason S. and Tang, Keqi and Smith, Richard D.},
    number = {2-3},
    pages = {244--250},
    volume = {265},
    isbn = {1387-3806},
    doi = {10.1016/j.ijms.2007.02.032},
    issn = {13873806},
    keywords = {Electrodynamic ion funnel, Electrospray ionization, Ion accumulation time, Linear ion trap, Sensitivity}
}

@article{Shaffer1998AnSpectrometry,
    title = {{An ion funnel interface for improved ion focusin and sensitivity using electrospray ionization mass spectrometry}},
    year = {1998},
    journal = {Analytical Chemistry},
    author = {Shaffer, Scott a and Prior, David C and Anderson, Gordon a and Udseth, Harold R and Smith, Richard D},
    number = {19},
    pages = {4111--4119},
    volume = {70},
    doi = {10.1021/ac9802170},
    issn = {0003-2700},
    keywords = {electrospray, ion optics}
}

@article{Jordan2009AnMS,
    title = {{An online ultra-high sensitivity Proton-transfer-reaction mass-spectrometer combined with switchable reagent ion capability (PTR + SRI - MS)}},
    year = {2009},
    journal = {International Journal of Mass Spectrometry},
    author = {Jordan, A. and Haidacher, S. and Hanel, G. and Hartungen, E. and Herbig, J. and M{\"{a}}rk, L. and Schottkowsky, R. and Seehauser, H. and Sulzer, P. and M{\"{a}}rk, T. D.},
    number = {1},
    pages = {32--38},
    volume = {286},
    isbn = {1387-3806},
    doi = {10.1016/j.ijms.2009.06.006},
    issn = {13873806},
    keywords = {Isomer separation, PTR+SRI-MS, PTR-MS, Proton transfer ionization, Proton transfer reaction, Switchable reagent ions}
}

@article{Bowman2012AnalysisAnalysis,
    title = {{Analysis of factors affecting volatile compound formation in roasted pumpkin seeds with selected ion flow tube-mass spectrometry (SIFT-MS) and sensory analysis}},
    year = {2012},
    journal = {Journal of Food Science},
    author = {Bowman, T. and Barringer, S.},
    number = {1},
    volume = {77},
    isbn = {0022-1147},
    doi = {10.1111/j.1750-3841.2011.02465.x},
    issn = {00221147},
    pmid = {22122232},
    keywords = {Pumpkin seeds, Roasted, SIFT-MS, Sensory, Volatiles}
}

@article{Smith2003AnalysisSpectrometry.,
    title = {{Analysis of ketones by selected ion flow tube mass spectrometry.}},
    year = {2003},
    journal = {Rapid communications in mass spectrometry : RCM},
    author = {Smith, David and Wang, Tianshu and Spanĕl, Patrik},
    number = {23},
    pages = {2655--60},
    volume = {17},
    url = {http://www.ncbi.nlm.nih.gov/pubmed/14648904},
    doi = {10.1002/rcm.1244},
    issn = {0951-4198},
    pmid = {14648904}
}

@article{Lindinger1997AnalysisMass,
    title = {{Analysis of trace gases at ppb levels by proton transfer reaction mass}},
    year = {1997},
    journal = {Plasma Sources Sci. Technol.},
    author = {Lindinger, Werner and Hansel, A},
    number = {2},
    pages = {111--117},
    volume = {6},
    url = {http://iopscience.iop.org/0963-0252/6/2/004},
    doi = {10.1088/0963-0252/6/2/004},
    issn = {0963-0252}
}

@article{Kinghorn2006AnalysisLC/MS,
    title = {{Analysis of trace residues of explosive materials by time-of-flight LC/MS}},
    year = {2006},
    journal = {Agilent Technologies {\ldots}},
    author = {Kinghorn, Russell and Milner, Courtney and Zweigenbaum, Jerry},
    url = {http://www.youngin.com/application/an-0605-0082en.pdf}
}

@article{Buhr2002AnalysisCompounds,
    title = {{Analysis of volatile flavour compounds by Proton Transfer Reaction-Mass Spectrometry: Fragmentation patterns and discrimination between isobaric and isomeric compounds}},
    year = {2002},
    journal = {International Journal of Mass Spectrometry},
    author = {Buhr, Katja and Van Ruth, Saskia and Delahunty, Conor},
    number = {1},
    pages = {1--7},
    volume = {221},
    isbn = {1387-3806},
    doi = {10.1016/S1387-3806(02)00896-5},
    issn = {13873806},
    keywords = {Flavour, Fragmentation, Isobaric compounds, Isomeric compounds, PTR-MS}
}

@misc{Anicich_2.pdf,
    title = {{Anicich{\_}2.pdf}}
}

@article{2010Apache_2.0_license,
    title = {{Apache{\_}2.0{\_}license}},
    year = {2010},
    number = {January},
    pages = {1--4},
    url = {papers://17f49ca7-70fd-4af1-b4f5-65f059469a31/Paper/p2193}
}

@article{Giles2004ApplicationsGuide,
    title = {{Applications of a travelling wave-based radio-frequency-only stacked ring ion guide}},
    year = {2004},
    journal = {Rapid Communications in Mass Spectrometry},
    author = {Giles, Kevin and Pringle, Steven D. and Worthington, Kenneth R. and Little, David and Wildgoose, Jason L. and Bateman, Robert H.},
    number = {20},
    pages = {2401--2414},
    volume = {18},
    isbn = {0951-4198 (Print) 0951-4198 (Linking)},
    doi = {10.1002/rcm.1641},
    issn = {09514198},
    pmid = {15386629}
}

@article{Lagg1994ApplicationsAnalysis,
    title = {{Applications of proton transfer reactions to gas analysis}},
    year = {1994},
    journal = {International Journal of Mass Spectrometry and Ion Processes},
    author = {Lagg, A. and Taucher, J. and Hansel, A. and Lindinger, W.},
    number = {1},
    pages = {55--66},
    volume = {134},
    isbn = {0168-1176},
    doi = {10.1016/0168-1176(94)03965-8},
    issn = {01681176},
    keywords = {Human breath, Proton transfer, Selected ion flow drift tube, Trace gas analysis}
}

@article{Lagg1994ApplicationsAnalysisb,
    title = {{Applications of proton transfer reactions to gas analysis}},
    year = {1994},
    journal = {International Journal of Mass Spectrometry and Ion Processes},
    author = {Lagg, A. and Taucher, J. and Hansel, A. and Lindinger, W.},
    number = {1},
    pages = {55--66},
    volume = {134},
    isbn = {0168-1176},
    doi = {10.1016/0168-1176(94)03965-8},
    issn = {01681176},
    keywords = {Human breath, Proton transfer, Selected ion flow drift tube, Trace gas analysis}
}

@article{Residence2012ArrivalKingdom,
    title = {{Arrival in the United Kingdom}},
    year = {2012},
    author = {Residence, Ordinary},
    pages = {1--4}
}

@article{Agreement1997AssuredAgreement,
    title = {{Assured Shorthold Tenancy Agreement}},
    year = {1997},
    author = {Agreement, This Tenancy and Act, Housing and Trading, Fair and Terms, Unfair and Agreements, Tenancy},
    pages = {1--10},
    isbn = {6013357110}
}

@article{Agreement1997AssuredAgreementb,
    title = {{Assured Shorthold Tenancy Agreement}},
    year = {1997},
    author = {Agreement, This Tenancy and Act, Housing and Trading, Fair and Terms, Unfair and Agreements, Tenancy},
    pages = {1--10},
    isbn = {6013357110}
}

@article{Weights2010AtomicElements,
    title = {{Atomic Weights and Isotopic Compositions for All Elements}},
    year = {2010},
    author = {Weights, Atomic},
    number = {2},
    pages = {1--8},
    volume = {7}
}

@article{Price2018B6M47F,
    title = {{B6M47F}},
    year = {2018},
    author = {Price, Flight},
    pages = {2--5}
}

@misc{BachelorEnglish.pdf,
    title = {{bachelor english.pdf}}
}

@misc{BagReceipt.pdf,
    title = {{bag receipt.pdf}}
}

@article{Benzoic,
    title = {{Benzoic acid ( C 7 H 6 O 2 ) DC mode E / N ( Td ) Intensity ( c / s ) PTR Entry Voltage ( V )}},
    number = {V},
    pages = {400},
    volume = {05}
}

@article{Benzoicb,
    title = {{Benzoic acid ( C 7 H 6 O 2 ) RF mode Intensity ( c / s ) PTR Entry Voltage ( V )}},
    number = {V},
    pages = {400}
}

@article{Olivenza-le2018Benzoylecgonine,
    title = {{Benzoylecgonine}},
    year = {2018},
    author = {Olivenza-le, David},
    number = {4},
    pages = {4--6}
}

@article{Benzoylecgonine,
    title = {{Benzoylecgonine ( C 16 H 19 NO 4 ) DC E / N ( Td ) Relative abundance ({\%}) PTR Entry Voltage ( V )}},
    number = {4},
    pages = {290},
    volume = {07}
}

@article{2000Benzoylecgonine,
    title = {{Benzoylecgonine ( C 16 H 19 NO 4 ) RF mode Intensity ( c / s ) PTR Entry Voltage ( V )}},
    year = {2000},
    number = {4},
    pages = {5000},
    volume = {07}
}

@article{Benzoylecgonineb,
    title = {{Benzoylecgonine ( C 16 H 19 NO 4 ) RF Relative abundance ({\%}) PTR Entry Voltage ( V )}},
    number = {4},
    pages = {290},
    volume = {07}
}

@misc{Birmingham_logo.pdf,
    title = {{Birmingham{\_}logo.pdf}}
}

@article{Confirmation2015BookingConfirmation,
    title = {{Booking Confirmation}},
    year = {2015},
    author = {Confirmation, Makemytrip and Nf, Booking and Patil, Shantanu and Patil, Sujata and Patil, Shantanu},
    pages = {21--23},
    isbn = {2204142557},
    doi = {10.1614/WS-D-12-00140.1},
    issn = {0043-1745}
}

@article{Confirmation2015BookingConfirmationb,
    title = {{Booking Confirmation}},
    year = {2015},
    author = {Confirmation, Makemytrip and Nf, Booking and Patil, Shantanu and Patil, Sujata and Patil, Shantanu},
    pages = {21--23},
    isbn = {2204142557},
    doi = {10.1614/WS-D-12-00140.1},
    issn = {0043-1745}
}

@article{David2017BookingClassic,
    title = {{Booking details Lufthansa booking code : Passenger information Your itinerary Economy Classic}},
    year = {2017},
    author = {David, Olivenza Leon},
    number = {September},
    pages = {1--5}
}

@misc{Both.pdf,
    title = {{both.pdf}}
}

@article{Branching,
    title = {{branching ratio [{\%}] E / N [ Td ] E / N [ Td ]}},
    volume = {02293}
}

@article{Schwarz2009BreathStudy,
    title = {{Breath acetone - Aspects of normal physiology related to age and gender as determined in a PTR-MS study}},
    year = {2009},
    journal = {Journal of Breath Research},
    author = {Schwarz, K. and Pizzini, A. and Arendack{\'{a}}, B. and Zerlauth, K. and Filipiak, W. and Schmid, A. and Dzien, A. and Neuner, S. and Lechleitner, M. and Scholl-B{\"{u}}rgi, S. and Miekisch, W. and Schubert, J. and Unterkofler, K. and Witkovsk{\'{y}}, V. and Gastl, G. and Amann, A.},
    number = {2},
    volume = {3},
    isbn = {1752-7155},
    doi = {10.1088/1752-7155/3/2/027003},
    issn = {17527155},
    pmid = {21383458}
}

@article{BufferSimulated,
    title = {{Buffer gas mass = 2 amu Analyte m/z 59, P=1mbar, T=373K, PTR Voltage=150V, DC mode, 100particles simulated}}
}

@article{BufferSimulatedb,
    title = {{Buffer gas mass = 2 amu Analyte m/z 59, P=1mbar, T=373K, PTR Voltage=150V, RF mode, 100particles simulated}}
}

@article{EngineeringBulletinE-90-OCN,
    title = {{Bulletin E-90-OCN}},
    author = {Engineering, Omega},
    pages = {1--32}
}

@article{Barber2012ByFunnel,
    title = {{by Incorporation of a Radio Frequency Ion Funnel}},
    year = {2012},
    author = {Barber, Shane and Blake, Robert S and White, Iain R and Monks, Paul S and Reich, Fraser and Mullock, Steve and Ellis, Andrew M}
}

@article{Barber2012ByFunnelb,
    title = {{by Incorporation of a Radio Frequency Ion Funnel}},
    year = {2012},
    author = {Barber, Shane and Blake, Robert S and White, Iain R and Monks, Paul S and Reich, Fraser and Mullock, Steve and Ellis, Andrew M}
}

@article{VanvellerCH,
    title = {{C 14 h 19 no 3 h h}},
    author = {Vanveller, Brett},
    number = {3},
    pages = {330},
    volume = {13},
    doi = {10.1524/ncrs.2011.0081}
}

@article{VanvellerCHb,
    title = {{C 14 h 19 no 3 h h}},
    author = {Vanveller, Brett},
    number = {3},
    pages = {286},
    volume = {13},
    doi = {10.1524/ncrs.2011.0081}
}

@article{Capsaicina1876C3,
    title = {{C 18 h 27 no 3}},
    year = {1876},
    author = {Capsaicina, O H and Iupac, Nombre},
    number = {Figura 1},
    pages = {4--5}
}

@article{Capsaicina1876C3b,
    title = {{C 18 h 27 no 3}},
    year = {1876},
    author = {Capsaicina, O H and Iupac, Nombre},
    number = {Figura 1},
    pages = {330},
    volume = {13}
}

@article{C,
    title = {{C y c lo h e x a n o n e ( C 6 H O ) C y c lo h e x a n o n e ( C 6 H O )}},
    pages = {8}
}

@article{Cb,
    title = {{C y c lo h e x a n o n e ( C 6 H O ) C y c lo h e x a n o n e ( C 6 H O )}},
    pages = {8}
}

@article{CH,
    title = {{C y c lo h e x a n o n e C 6 H C y c lo h e x a n o n e C 6 H}},
    pages = {8}
}

@article{CHb,
    title = {{C y c lo h e x a n o n e C 6 H C y c lo h e x a n o n e C 6 H}},
    pages = {8}
}

@article{Sun2013CalculationsSpectrometer,
    title = {{Calculations and measurements of the deuterium tunneling frequency in the propiolic acid-formic acid dimer and description of a newly constructed Fourier transform microwave spectrometer}},
    year = {2013},
    journal = {Journal of Chemical Physics},
    author = {Sun, Ming and Wang, Yimin and Carey, Spencer J. and Mitchell, Erik G. and Bowman, Joel and Kukolich, Stephen G.},
    number = {8},
    volume = {139},
    doi = {10.1063/1.4818529},
    issn = {00219606},
    pmid = {24007006}
}

@article{BlackmondCarbonylKetones,
    title = {{Carbonyl Chemistry Aldehydes and Ketones Nomenclature of Aldehydes and Ketones Nomenclature of Aldehydes and Ketones}},
    author = {Blackmond, Donna G}
}

@article{Causes,
    title = {{Causes ( C ) Sustenance ( S ) Destination ( D ) Dc Ds Sc Ss Source ( S )}},
    number = {C},
    pages = {2}
}

@article{AirlinesCestujiciL,
    title = {{Cestuj{\'{i}}c{\'{i}} / Passenger : Olivenza Leon David Mr ( ADT ) Rezerva{\v{c}}n{\'{i}} k{\'{o}}d / Booking ref : JCUIZA POTVRZEN{\'{I}} ELEKTRONICK{\'{E}} LETENKY / ELECTRONIC TICKET RECEIPT PLATBA / PAYMENT DETAILS Tarifn{\'{i}} kalkulace TARIF A TAXY / FARE DETAILS Z{\'{A}}KONN{\'{E}} A CESTOVN{\'{I}} INFORMACE / L}},
    author = {Airlines, Czech and Booking, Online and Birmingham, Birmingham and Ruzyne, Prague}
}

@article{Steps2017CharacterisationWith,
    title = {{Characterisation of a RFIF-PTR-ToF-MS reactor with}},
    year = {2017},
    author = {Steps, First},
    number = {October}
}

@article{Le2017CharacterisationN,
    title = {{Characterisation of the transfer lenses of a PTR - MS instrument to understand the ion losses at high E / N}},
    year = {2017},
    author = {Le, David Olivenza},
    number = {October}
}

@article{Shaffer1999CharacterizationSpectrometry,
    title = {{Characterization of an improved electrodynamic ion funnel interface for electrospray ionization mass spectrometry}},
    year = {1999},
    journal = {Analytical Chemistry},
    author = {Shaffer, S. A. and Tolmachev, A. and Prior, D. C. and Anderson, G. A. and Udseth, H. R. and Smith, R. D.},
    number = {15},
    pages = {2957--2964},
    volume = {71},
    isbn = {0003-2700},
    doi = {10.1021/ac990346w},
    issn = {00032700},
    pmid = {9784749}
}

@article{Lynn2000CharacterizingFunnel,
    title = {{Characterizing the transmission properties of an ion funnel}},
    year = {2000},
    journal = {Rapid Communications in Mass Spectrometry},
    author = {Lynn, Eric C. and Chung, Ming Chun and Han, Chau Chung},
    number = {22},
    pages = {2129--2134},
    volume = {14},
    doi = {10.1002/1097-0231(20001130)14:22<2129::AID-RCM144>3.0.CO;2-M},
    issn = {09514198},
    pmid = {11114020}
}

@article{Blake2006ChemicalComposition,
    title = {{Chemical ionization reaction time-of-flight mass spectrometry: Multi-reagent analysis for determination of trace gas composition}},
    year = {2006},
    journal = {International Journal of Mass Spectrometry},
    author = {Blake, Robert S. and Wyche, Kevin P. and Ellis, Andrew M. and Monks, Paul S.},
    number = {1-2},
    pages = {85--93},
    volume = {254},
    isbn = {1387-3806},
    doi = {10.1016/j.ijms.2006.05.021},
    issn = {13873806},
    keywords = {CIRMS, Chemical ionization, PTR-MS, Proton-transfer}
}

@article{Kientz1998ChromatographyProspects,
    title = {{Chromatography and mass spectrometry of chemical warfare agents, toxins and related compounds: state of the art and future prospects}},
    year = {1998},
    journal = {Journal of Chromatography A},
    author = {Kientz, Ch.E.},
    number = {1-2},
    pages = {1--23},
    volume = {814},
    url = {http://www.sciencedirect.com/science/article/pii/S0021967398003380},
    doi = {10.1016/S0021-9673(98)00338-0},
    issn = {00219673},
    pmid = {9718684},
    keywords = {Chemical warfare agents, Mass spectrometry, Reviews, Toxins}
}

@article{TimeClassTravel,
    title = {{Class of Travel}},
    author = {Time, Gate Closing and Drop-off, Baggage and Not, Items and In, Allowed and Baggage, Your},
    pages = {12--13}
}

@article{Cocaine,
    title = {{Cocaine ( C 17 H 21 NO 4 ) DC ( all found product ions ) E / N ( Td ) Relative abundance ({\%}) PTR Entry Voltage ( V )}},
    number = {4},
    pages = {304},
    volume = {07}
}

@article{Cocaineb,
    title = {{Cocaine ( C 17 H 21 NO 4 ) DC mode E / N ( Td ) Intensity ( total counts ) PTR Entry Voltage ( V )}},
    number = {4},
    pages = {330}
}

@article{Cocainec,
    title = {{Cocaine ( C 17 H 21 NO 4 ) DC mode E / N ( Td ) Relative abundance ({\%}) PTR Entry Voltage ( V )}},
    number = {4},
    pages = {330}
}

@article{Cocained,
    title = {{Cocaine ( C 17 H 21 NO 4 ) RF mode 300ng Intensity ( total counts ) PTR Entry voltage ( V )}},
    number = {4},
    pages = {300}
}

@article{Cocainee,
    title = {{Cocaine 300 ng DC mode Relative abundance ({\%}) E / N ( Td )}},
    pages = {300}
}

@article{Cocainef,
    title = {{Cocaine 300 ng DC mode Relative abundance ({\%}) E / N ( Td ) Cocaine 300 ng RF mode Relative abundance ({\%}) PTR Entry voltage ( V )}}
}

@article{Cocaineg,
    title = {{Cocaine 300 ng RF acetonitrile Relative abundance ({\%}) PTR Entry voltage ( V )}},
    number = {V},
    pages = {300}
}

@article{Cocaineh,
    title = {{Cocaine 300 ng RF mode Relative abundance ({\%}) PTR Entry voltage ( V )}},
    number = {V},
    pages = {300}
}

@article{Cocainei,
    title = {{Cocaine at 140Td in DC mode ( PTR Entry Voltage = 210V , T Intensity ( c / s )}},
    pages = {210}
}

@article{Cocainej,
    title = {{Cocaine at 140Td in DC mode ( PTR Entry Voltage = 210V , T Product ion distribution ({\%})}},
    pages = {210}
}

@article{Cocainek,
    title = {{Cocaine C17H21NO4 300 ng RF Relative abundance ({\%}) PTR Entry voltage ( V )}},
    number = {V},
    pages = {300}
}

@article{Cocainel,
    title = {{Cocaine DC mode 300 ng Relative abundance ({\%}) E / N ( Td )}},
    pages = {300}
}

@article{Cocainem,
    title = {{Cocaine DC mode 300 ng Relative abundance ({\%}) E / N ( Td )}},
    pages = {300}
}

@misc{CocaineStructures.pdf,
    title = {{cocaine dc structures.pdf}}
}

@article{Cocainen,
    title = {{Cocaine RF : MH + and total counts I ( counts per second ) PTR Entry voltage ( V )}},
    number = {V},
    pages = {310}
}

@article{Cocaineo,
    title = {{Cocaine RF mode 3 ng Relative abundance ({\%}) PTR Entry Voltage ( V )}},
    number = {V},
    pages = {304},
    volume = {13}
}

@article{Cocainep,
    title = {{Cocaine RF mode 3 ng Relative abundance ({\%}) PTR Entry Voltage ( V )}},
    number = {V},
    pages = {300}
}

@article{Cocaineq,
    title = {{Cocaine RF mode 3 ng Relative abundance ({\%}) PTR Entry Voltage ( V )}},
    number = {V},
    pages = {300}
}

@misc{CocaineStructures.pdfb,
    title = {{cocaine RF structures.pdf}}
}

@article{Codeine,
    title = {{Codeine ( C 18 H 21 NO 3 ) RF Relative abundance ({\%}) PTR Entry Voltage ( V )}},
    number = {3},
    pages = {300},
    volume = {13}
}

@article{Codeineb,
    title = {{Codeine 300 ng DC Relative abundance ({\%}) E / N ( Td )}},
    pages = {300}
}

@article{Codeinec,
    title = {{Codeine 300 ng DC Relative abundance ({\%}) E / N ( Td ) Codeine 300 ng RF Relative abundance ({\%}) PTR Entry ( V )}}
}

@article{Codeined,
    title = {{Codeine 300 ng RF Relative abundance ({\%}) PTR Entry ( V )}},
    number = {V},
    pages = {300}
}

@article{Codeinee,
    title = {{Codeine 300 ng RF Relative abundance ({\%}) PTR Entry ( V )}},
    number = {V},
    pages = {300}
}

@article{Tolmachev2004CollisionalTreatment,
    title = {{Collisional activation of ions in RF ion traps and ion guides: The effective ion temperature treatment}},
    year = {2004},
    journal = {Journal of the American Society for Mass Spectrometry},
    author = {Tolmachev, Aleksey V. and Vilkov, Andrey N. and Bogdanov, Bogdan and Pǎsa-Toli{\'{c}}, Ljiljana and Masselon, Christophe D. and Smith, Richard D.},
    number = {11},
    pages = {1616--1628},
    volume = {15},
    isbn = {1044-0305},
    doi = {10.1016/j.jasms.2004.07.014},
    issn = {10440305},
    pmid = {15519229}
}

@article{Kaser2013ComparisonForest,
    title = {{Comparison of different real time VOC measurement techniques in a ponderosa pine forest}},
    year = {2013},
    journal = {Atmospheric Chemistry and Physics},
    author = {Kaser, L. and Karl, T. and Schnitzhofer, R. and Graus, M. and Herdlinger-Blatt, I. S. and DiGangi, J. P. and Sive, B. and Turnipseed, A. and Hornbrook, R. S. and Zheng, W. and Flocke, F. M. and Guenther, A. and Keutsch, F. N. and Apel, E. and Hansel, A.},
    number = {5},
    pages = {2893--2906},
    volume = {13},
    isbn = {1680-7316},
    doi = {10.5194/acp-13-2893-2013},
    issn = {16807316}
}

@article{Remaining2018ConIL,
    title = {{Con rmed: 5 nights in Chicago, IL}},
    year = {2018},
    author = {Remaining, Total},
    pages = {9--10}
}

@article{Cerrar2015ConfirmacionImportante,
    title = {{Confirmaci{\'{o}}n : San Diego ­ Munich ( YKYAFL ) Confirmaci{\'{o}}n de reserva ¡ Su reserva se ha realizado correctamente ! Importante}},
    year = {2015},
    author = {Cerrar, Imprimir and Reservas, K L M K L M},
    pages = {1--9}
}

@article{Cocinero2010ConformationalEthylvanillin,
    title = {{Conformational equilibria in vanillin and ethylvanillin}},
    year = {2010},
    journal = {Physical Chemistry Chemical Physics},
    author = {Cocinero, Emilio J and Lesarri, Alberto and {\'{E}}cija, Patricia and Grabow, Jens-Uwe and Fern{\'{a}}ndez, José A and Casta{\~{n}}o, Fernando},
    number = {39},
    pages = {12486},
    volume = {12},
    url = {http://www.ncbi.nlm.nih.gov/pubmed/20721403 http://xlink.rsc.org/?DOI=c0cp00585a},
    doi = {10.1039/c0cp00585a},
    issn = {1463-9076},
    pmid = {20721403},
    keywords = {Benzaldehydes, Benzaldehydes: chemistry, Equipment Design, Hydrogen Bonding, Models, Molecular, Molecular Conformation, Spectrum Analysis, Spectrum Analysis: instrumentation}
}

@article{ErdbergConnectionLeon,
    title = {{Connection 901 Direction Vienna Erdberg Adult David Olivenza Leon}},
    author = {Erdberg, Direction Vienna},
    pages = {1--2}
}

@article{D,
    title = {{D rift V o lta g e ( V )}},
    pages = {9}
}

@article{Db,
    title = {{D rift V o lta g e ( V )}},
    pages = {7}
}

@misc{David30112017.pdf,
    title = {{David Leon SS Scientific 30112017.pdf}}
}

@misc{DavidContract.pdf,
    title = {{david olivenza contract.pdf}}
}

@misc{DavidsProgramme,
    title = {{David's PhD programme}}
}

@misc{David_phd_letter.PDF,
    title = {{david{\_}phd{\_}letter.PDF}}
}

@article{DC,
    title = {{DC mode Relative abundance ({\%}) E / N ( Td ) RF mode Relative abundance ({\%}) PTR Entry Voltage ( V )}},
    volume = {14}
}

@article{Company2006DeclarationConformity,
    title = {{Declaration of Conformity}},
    year = {2006},
    journal = {Quality},
    author = {Company, Hewlett-packard and Collins, Fort},
    number = {970},
    pages = {60601},
    isbn = {5565733812}
}

@article{Company2006DeclarationConformityb,
    title = {{Declaration of Conformity}},
    year = {2006},
    journal = {Quality},
    author = {Company, Hewlett-packard and Collins, Fort},
    number = {970},
    pages = {60601},
    isbn = {5565733812}
}

@article{Kim2000DesignFunnel,
    title = {{Design and Implementation of a New Electrodynamic Ion Funnel Design and Implementation of a New Electrodynamic Ion Funnel}},
    year = {2000},
    author = {Kim, Taeman and Tolmachev, Aleksey V and Harkewicz, Richard and Prior, David C and Anderson, Gordon and Udseth, Harold R and Smith, Richard D and Bailey, Thomas H and Rakov, Sergey and Futrell, Jean H and Kim, Taeman and Tolmachev, Aleksey V and Harkewicz, Richard and Prior, David C and Anderson, Gordon and Udseth, Harold R and Smith, Richard D and Bailey, Thomas H and Rakov, Sergey and Futrell, Jean H},
    number = {10},
    pages = {4111--4119},
    volume = {72},
    doi = {10.1021/ac991412x}
}

@article{Yu2015DesignSimulations,
    title = {{Design and study of an atmospheric pressure ion funnel by computer simulations}},
    year = {2015},
    journal = {Rapid communications in mass spectrometry},
    author = {Yu, Quan and Diao, Zhaoliang and Ni, Kai and Qian, Xiang and Tang, Fei and Wang, Xiaohao},
    number = {January},
    pages = {1055},
    volume = {29},
    isbn = {0951-4198},
    doi = {10.1002/rcm.7195},
    issn = {09514198}
}

@article{DetectionHMTD,
    title = {{Detection of the Peroxide Explosives TATP and HMTD}},
    number = {978},
    pages = {5900}
}

@article{2017Developing2017,
    title = {{Developing a better theory for collision energies and effective temperatures in the PTR : a summary of discussions at Kore 11th January 2017}},
    year = {2017},
    number = {January}
}

@article{Philosophy2017DEVELOPMENTMSc,
    title = {{DEVELOPMENT AND APPLICATIONS OF PROTON TRANSFER REACTION-MASS SPECTROMETRY FOR HOMELAND SECURITY : TRACE DETECTION OF Ram{\'{o}}n Gonz{\'{a}}lez-M{\'{e}}ndez , MSc}},
    year = {2017},
    author = {Philosophy, Doctor O F},
    number = {February}
}

@article{Gonzalez-Mendez2015DevelopmentEffects,
    title = {{Development and use of a thermal desorption unit and proton transfer reaction mass spectrometry for trace explosive detection: Determination of the instrumental limits of detection and an investigation of memory effects}},
    year = {2015},
    journal = {International Journal of Mass Spectrometry},
    author = {Gonz{\'{a}}lez-M{\'{e}}ndez, Ramón and Reich, D. Fraser and Mullock, Stephen J. and Corlett, Clive a. and Mayhew, Chris a.},
    pages = {13--18},
    volume = {385},
    publisher = {Elsevier B.V.},
    url = {http://linkinghub.elsevier.com/retrieve/pii/S1387380615001293},
    doi = {10.1016/j.ijms.2015.05.003},
    issn = {13873806},
    keywords = {proton transfer reaction mass, spectrometry}
}

@article{ZHU2018DevelopmentSpectrometry,
    title = {{Development of a SIMION-Simulated Ion Funnel Tube for Proton Transfer Reaction Mass Spectrometry}},
    year = {2018},
    journal = {Chinese Journal of Analytical Chemistry},
    author = {ZHU, Hui and ZHAO, Gao Sheng and XU, Li and PENG, Zhen and FENG, Biao and DONG, Jun Guo and CHENG, Ping and ZHOU, Zhen},
    number = {8},
    pages = {e1868-e1873},
    volume = {46},
    doi = {10.1016/S1872-2040(18)61101-6},
    issn = {18722040},
    keywords = {Computer simulation, Drift tube, Ion funnel, SIMION software, Proton transfer reaction mass spe}
}

@article{Diethylene,
    title = {{Diethylene Glycol Diethyl Ether ( C 8 H 16 O 3 ) RF mode Relative abundance ({\%}) PTR Entry Voltage ( V )}},
    number = {V},
    pages = {300}
}

@article{Diethyleneb,
    title = {{Diethylene Glycol Diethyl Ether ( C 8 H 16 O 3 ) RF Relative abundance ({\%}) PTR Entry Voltage ( V )}},
    number = {V},
    pages = {300},
    volume = {03}
}

@article{Diethylenec,
    title = {{Diethylene Glycol Diethyl Ether ( C H O ) DC E / N ( Td ) Relative abundance ({\%}) PTR Entry Voltage ( V )}},
    number = {V},
    pages = {425}
}

@article{Diethylened,
    title = {{Diethylene Glycol Diethyl Ether ( C H O ) DC Relative abundance ({\%}) E / N ( Td )}},
    pages = {240},
    volume = {09}
}

@article{Diethylenee,
    title = {{Diethylene Glycol Dimethyl Ether ( C 6 H 14 O 3 ) DC Relative abundance ({\%}) E / N ( Td )}},
    pages = {240},
    volume = {13}
}

@article{Diethylenef,
    title = {{Diethylene Glycol Dimethyl Ether ( C H O ) DC E / N ( Td ) Relative abundance ({\%}) PTR Entry Voltage ( V )}},
    number = {V},
    pages = {425}
}

@article{Wyche2005DifferentiationSpectrometry,
    title = {{Differentiation of isobaric compounds using chemical ionization reaction mass spectrometry}},
    year = {2005},
    journal = {Rapid Communications in Mass Spectrometry},
    author = {Wyche, Kevin P. and Blake, Robert S. and Willis, Kerry A. and Monks, Paul S. and Ellis, Andrew M.},
    number = {22},
    pages = {3356--3362},
    volume = {19},
    isbn = {1097-0231},
    doi = {10.1002/rcm.2202},
    issn = {09514198},
    pmid = {16235237}
}

@article{Smith2011DirectCollection,
    title = {{Direct, rapid quantitative analyses of BVOCs using SIFT-MS and PTR-MS obviating sample collection}},
    year = {2011},
    journal = {TrAC - Trends in Analytical Chemistry},
    author = {Smith, David and {\v{S}}pan{\v{e}}l, Patrik},
    number = {7},
    pages = {945--959},
    volume = {30},
    doi = {10.1016/j.trac.2011.05.001},
    issn = {01659936},
    keywords = {Absolute quantification, Ambient air, BVOC, Chemical ionization, Gas chromatography, Headspace analysis, Mass spectrometry, PTR-MS, SIFT-MS, Sample collection}
}

@article{Smith2011DirectCollectionb,
    title = {{Direct, rapid quantitative analyses of BVOCs using SIFT-MS and PTR-MS obviating sample collection}},
    year = {2011},
    journal = {TrAC - Trends in Analytical Chemistry},
    author = {Smith, David and {\v{S}}pan{\v{e}}l, Patrik},
    number = {7},
    pages = {945--959},
    volume = {30},
    doi = {10.1016/j.trac.2011.05.001},
    issn = {01659936},
    keywords = {Absolute quantification, Ambient air, BVOC, Chemical ionization, Gas chromatography, Headspace analysis, Mass spectrometry, PTR-MS, SIFT-MS, Sample collection}
}

@article{DMMP,
    title = {{DMMP DC mode E / N ( Td ) Intensity ( c / s ) PTR Entry Voltage ( V )}},
    number = {V},
    pages = {400}
}

@article{DMMPb,
    title = {{DMMP RF mode Intensity ( c / s ) PTR Entry Voltage ( V )}},
    number = {V},
    pages = {400}
}

@article{2014DOYou,
    title = {{DO NOT USE THE BACK BUTTON AS THIS WILL SUBMIT YOUR DETAILS A SECOND TIME If you have any questions , or the details of your trip change , please contact : Gill Kelsall , Insurance Officer , Treasury Management E-mail : G.L.Kelsall@bham.ac.uk ' Thank you }},
    year = {2014},
    number = {0},
    pages = {47314},
    volume = {44}
}

@article{DOLPlots,
    title = {{DOL PTR fragmentation branching ratio : thoughts and plots}},
    number = {5},
    pages = {5--6}
}

@article{E,
    title = {{E / N ( T d ) ( H O ) H ( H ( H R e a g e n t io n in te n s ity ( c p s ) D rift V o lta g e ( V )}},
    pages = {6}
}

@article{Eb,
    title = {{E / N ( T d ) D rift V o lta g e ( V )}},
    pages = {6}
}

@article{Ec,
    title = {{E / N ( T d ) D rift V o lta g e ( V )}},
    pages = {6}
}

@article{Ed,
    title = {{E / N ( T d ) D rift V o lta g e ( V )}},
    pages = {5}
}

@article{Ee,
    title = {{E / N ( T d ) D rift V o lta g e ( V )}},
    pages = {8}
}

@article{Ef,
    title = {{E / N ( T d ) In te n s ity ( c p s ) D rift V o lta g e ( V )}},
    pages = {9}
}

@article{Eg,
    title = {{E / N ( T d ) Io n in te n s ity ( c p s ) D rift V o lta g e ( V )}},
    pages = {5}
}

@article{Eh,
    title = {{E / N ( T d ) Io n s ig n a l in te n s ity ( c p s ) D rift V o lta g e ( V )}},
    pages = {7}
}

@article{Ei,
    title = {{E / N ( T d ) P ro d u c t Io n B ra n c h in g P e rc e n ta g e s ({\%} ) D rift V o lta g e ( V )}},
    pages = {8}
}

@article{Ej,
    title = {{E / N ( T d ) P ro d u c t Io n B ra n c h in g P e rc e n ta g e s ({\%} ) D rift V o lta g e ( V )}},
    pages = {9}
}

@article{Ek,
    title = {{E / N ( T d ) P ro d u c t Io n B ra n c h in g P e rc e n ta g e s ({\%} ) D rift V o lta g e ( V )}},
    pages = {9}
}

@article{El,
    title = {{E / N ( T d ) P ro d u c t Io n B ra n c h in g P e rc e n ta g e s ({\%} ) D rift V o lta g e ( V )}},
    pages = {9}
}

@article{Em,
    title = {{E / N ( T d ) P ro d u c t Io n B ra n c h in g P e rc e n ta g e s ({\%} ) D rift V o lta g e ( V )}},
    pages = {8}
}

@article{En,
    title = {{E / N ( T d ) P ro d u c t Io n B ra n c h in g P e rc e n ta g e s ({\%} ) D rift V o lta g e ( V )}},
    pages = {8}
}

@article{Eo,
    title = {{E / N ( T d ) P T R E n tr y V o lta g e ( V )}},
    pages = {8}
}

@article{Ep,
    title = {{E / N ( T d ) R e a g e n t io n in te n s ity ( c p s ) D rift V o lta g e ( V )}},
    pages = {5}
}

@article{Eq,
    title = {{E / N ( T d ) R e a g e n t io n in te n s ity ( c p s ) D rift V o lta g e ( V )}},
    pages = {5}
}

@article{Er,
    title = {{E / N ( T d ) R e a g e n t io n in te n s ity ( c p s ) D rift V o lta g e ( V )}},
    pages = {8}
}

@article{Es,
    title = {{E / N ( T d ) R e a g e n t io n in te n s ity ( c p s ) D rift V o lta g e ( V )}},
    pages = {8}
}

@article{Et,
    title = {{E / N [ Td ]}},
    pages = {3922},
    volume = {01837}
}

@article{Eu,
    title = {{E / N [ Td ]}},
    pages = {5969},
    volume = {01837}
}

@article{Ev,
    title = {{E / N [ Td ]}},
    pages = {5969},
    volume = {01837}
}

@article{ChE,
    title = {{E / N [ Td ]}},
    author = {Ch, H},
    pages = {5969},
    volume = {01837}
}

@article{Ew,
    title = {{E / N [ Td ]}},
    pages = {3922},
    volume = {01837}
}

@article{Ex,
    title = {{E / N [ Td ]}},
    pages = {3922},
    volume = {01837}
}

@article{Ey,
    title = {{E / N [ Td ]}},
    pages = {3922},
    volume = {01837}
}

@article{Ez,
    title = {{E / N [ Td ]}},
    pages = {3922},
    volume = {01837}
}

@article{Eba,
    title = {{E / N [ Td ]}},
    pages = {3922},
    volume = {01837}
}

@article{Ebb,
    title = {{E / N [ Td ]}},
    pages = {5969},
    volume = {01837}
}

@article{E/NTd,
    title = {{E/N, Td}},
    pages = {500}
}

@article{Sanderson2003EffectLevels,
    title = {{Effect of climate change on isoprene emissions and surface ozone levels}},
    year = {2003},
    journal = {Geophysical Research Letters},
    author = {Sanderson, M. G. and Jones, C. D. and Collins, W. J. and Johnson, C. E. and Derwent, R. G.},
    number = {18},
    pages = {10--13},
    volume = {30},
    isbn = {0094-8276},
    doi = {10.1029/2003GL017642},
    issn = {00948276},
    keywords = {http://dx.doi.org/10.1029/2003GL017642, doi:10.102}
}

@article{Keck2008EffectsMeasurements,
    title = {{Effects of carbon dioxide in breath gas on proton transfer reaction-mass spectrometry (PTR-MS) measurements}},
    year = {2008},
    journal = {International Journal of Mass Spectrometry},
    author = {Keck, L. and Hoeschen, C. and Oeh, U.},
    number = {3},
    pages = {156--165},
    volume = {270},
    doi = {10.1016/j.ijms.2007.12.009},
    issn = {13873806},
    keywords = {Breath gas analysis, Carbon dioxide, PTR-MS}
}

@article{Technology2017ElectrElectrodes,
    title = {{Electr ic potential along drift tube ’ s axis – thick electrodes}},
    year = {2017},
    author = {Technology, Kore and Analytik, Ionicon},
    number = {C},
    pages = {0--4},
    volume = {3}
}

@article{Renaud2017ElectricAxis,
    title = {{Electric potential along drift tube ’ s revolution axis}},
    year = {2017},
    author = {Renaud, After},
    number = {1}
}

@article{Tridas2015EnhancedTurbulence,
    title = {{Enhanced simulation of an RF ion funnel including gas turbulence}},
    year = {2015},
    journal = {Journal of Mass Spectrometry},
    author = {Tridas, Eric and Anthony, J. Mark and Guldiken, Rasim and Schlaf, Rudy},
    number = {1},
    pages = {206--211},
    volume = {50},
    doi = {10.1002/jms.3519},
    issn = {10969888},
    pmid = {25601694},
    keywords = {Computational fluid dynamics, Electrospray, Ion funnel, Ion optics, SIMION}
}

@article{Watts2016EnhancementCompounds,
    title = {{Enhancement of Compound Selectivity Using a Radio Frequency Ion- Funnel Proton Transfer Reaction Mass Spectrometer: Improved Speci fi city for Explosive Compounds}},
    year = {2016},
    author = {Watts, Peter and Olivenza-leo, David and Reich, D Fraser and Mullock, Stephen J and Corlett, Clive A and Cairns, Stuart and Hickey, Peter and Brookes, Matthew and Mayhew, Chris A},
    doi = {10.1021/acs.analchem.6b02982}
}

@article{Gonzalez-mendezEnhancementCompounds,
    title = {{Enhancement of compound selectivity using a radio frequency ion-funnel proton transfer reaction mass spectrometer : improved specificity for explosive compounds}},
    author = {Gonz{\'{a}}lez-m{\'{e}}ndez, Ramón and Olivenza, David and Watts, Peter and Reich, D Fraser and Stephen, J and Corlett, Clive A and Mayhew, Chris A},
    keywords = {collisional induced dissociation, comment, down a bit, explosives, field, ion-funnel, long abstract, proton transfer reactions, ptr-ms, ram{\'{o}}n1, reduced electric, seems to be a, we should cut it}
}

@article{Gonzalez-Mendez2016EnhancementCompounds,
    title = {{Enhancement of Compound Selectivity Using a Radio Frequency Ion-Funnel Proton Transfer Reaction Mass Spectrometer: Improved Specificity for Explosive Compounds}},
    year = {2016},
    journal = {Analytical Chemistry},
    author = {Gonz{\'{a}}lez-M{\'{e}}ndez, R. and Watts, P. and Olivenza-Le{\'{o}}n, D. and Reich, D.F. and Mullock, S.J. and Corlett, C.A. and Cairns, S. and Hickey, P. and Brookes, M. and Mayhew, C.A.},
    number = {21},
    volume = {88},
    doi = {10.1021/acs.analchem.6b02982},
    issn = {15206882}
}

@article{Gonzalez-Mendez2016EnhancementCompoundsb,
    title = {{Enhancement of Compound Selectivity Using a Radio Frequency Ion-Funnel Proton Transfer Reaction Mass Spectrometer: Improved Specificity for Explosive Compounds}},
    year = {2016},
    journal = {Analytical Chemistry},
    author = {Gonz{\'{a}}lez-M{\'{e}}ndez, Ramón and Watts, Peter and Olivenza-Le{\'{o}}n, David and Reich, D. Fraser and Mullock, Stephen J. and Corlett, Clive A. and Cairns, Stuart and Hickey, Peter and Brookes, Matthew and Mayhew, Chris A.},
    number = {21},
    pages = {10624--10630},
    volume = {88},
    isbn = {1520-6882 (Electronic){\textbackslash}r0003-2700 (Linking)},
    doi = {10.1021/acs.analchem.6b02982},
    issn = {15206882},
    pmid = {27715015}
}

@article{Gonzalez-Mendez2016EnhancementCompoundsc,
    title = {{Enhancement of Compound Selectivity Using a Radio Frequency Ion-Funnel Proton Transfer Reaction Mass Spectrometer: Improved Specificity for Explosive Compounds}},
    year = {2016},
    journal = {Analytical Chemistry},
    author = {Gonz{\'{a}}lez-M{\'{e}}ndez, Ramón and Watts, Peter and Olivenza-Le{\'{o}}n, David and Reich, D. Fraser and Mullock, Stephen J. and Corlett, Clive A. and Cairns, Stuart and Hickey, Peter and Brookes, Matthew and Mayhew, Chris A.},
    number = {21},
    pages = {10624--10630},
    volume = {88},
    isbn = {1520-6882 (Electronic){\textbackslash}r0003-2700 (Linking)},
    doi = {10.1021/acs.analchem.6b02982},
    issn = {15206882},
    pmid = {27715015}
}

@article{Lindinger2001EnvironmentalPTR-MS,
    title = {{Environmental, food and medical applications of proton-transfer-reaction mass spectrometry (PTR-MS)}},
    year = {2001},
    journal = {Advances in Gas Phase Ion Chemistry},
    author = {Lindinger, Werner and Fall, Ray and Karl, Thomas G.},
    pages = {1--48},
    volume = {4},
    url = {http://linkinghub.elsevier.com/retrieve/pii/S1071968701800046},
    isbn = {9780444509291},
    doi = {10.1016/S1071-9687(01)80004-6},
    issn = {10719687}
}

@article{Lindinger2001EnvironmentalPTR-MSb,
    title = {{Environmental, food and medical applications of proton-transfer-reaction mass spectrometry (PTR-MS)}},
    year = {2001},
    journal = {Advances in Gas Phase Ion Chemistry},
    author = {Lindinger, Werner and Fall, Ray and Karl, Thomas G.},
    pages = {1--48},
    volume = {4},
    url = {http://linkinghub.elsevier.com/retrieve/pii/S1071968701800046},
    isbn = {9780444509291},
    doi = {10.1016/S1071-9687(01)80004-6},
    issn = {10719687}
}

@article{Ethyl,
    title = {{Ethyl Benzoate ( C 9 H 10 O 2 ) DC E / N ( Td ) Relative abundance ({\%}) PTR Entry Voltage ( V )}},
    number = {V},
    pages = {425}
}

@article{Ethylb,
    title = {{Ethyl Benzoate ( C 9 H 10 O 2 ) DC Relative abundance ({\%}) E / N ( Td )}},
    pages = {240}
}

@article{Ethylc,
    title = {{Ethyl benzoate ( C 9 H 10 O 2 ) RF Relative abundance ({\%}) PTR Entry Voltage ( V )}},
    number = {V},
    pages = {300},
    volume = {08}
}

@article{TdEthyl,
    title = {{Ethyl Benzoate DC PTR Entry Voltage ( V )}},
    author = {Td, E N},
    number = {V},
    pages = {425}
}

@article{EuropeanComission:DirectorateGeneralforResearchandInnovation2018EUProjects,
    title = {{EU Grants: H2020 Guidance - Social media guide for EU funded R{\&}I Projects}},
    year = {2018},
    author = {{European Comission: Directorate General for Research and Innovation}},
    number = {April},
    pages = {1--19}
}

@article{European2011EuropeanCommission,
    title = {{European commission}},
    year = {2011},
    author = {European, Directorate B-},
    number = {July},
    pages = {1--11},
    volume = {2010}
}

@article{Exit,
    title = {{Exit plate ( SIMION ) E / N ( Td ) Events / total ions ({\%}) PTR Entry Voltage ( V )}},
    number = {V},
    pages = {550}
}

@inproceedings{Olivenza2014ExperimentalOscillations,
    title = {{Experimental and computational study of the combined effect of spin transfer torque and Ampere field in vortex oscillators Current-driven oscillations}},
    year = {2014},
    author = {Olivenza, D and Torres, L and Mu{\~{n}}oz, M and Prieto, J L and Carpentieri, M},
    pages = {102508},
    volume = {062501}
}

@misc{FacturaAccomodation.pdf,
    title = {{factura Prague accomodation.pdf}}
}

@article{FIG.5,
    title = {{FIG. 2: Conductivity {\$}{$\sigma$}{\$} as a function of back gate voltage ( V BG ) at... - Figure 2 of 5}},
    number = {V},
    pages = {450},
    url = {https://www.researchgate.net/figure/51628045_fig2_FIG-2-Conductivity-s-as-a-function-of-back-gate-voltage-V-BG-at-various}
}

@article{To2015FinExpenses,
    title = {{Fin 7n request for payment of non staff expenses}},
    year = {2015},
    journal = {Notes},
    author = {To, Refer and Overleaf, Notes and In, Complete and Capitals, Block and Details, Giving and Expenses, O F and Claimed, Being and Will, Payment and Made, B E and The, T O and Account, Bank and Below, Given and All, I N},
    isbn = {3062616995146}
}

@article{To2015FinExpensesb,
    title = {{Fin 7n request for payment of non staff expenses}},
    year = {2015},
    journal = {Notes},
    author = {To, Refer and Overleaf, Notes and In, Complete and Capitals, Block and Details, Giving and Expenses, O F and Claimed, Being and Will, Payment and Made, B E and The, T O and Account, Bank and Below, Given and All, I N},
    isbn = {3062616995146}
}

@article{To2015FinExpensesc,
    title = {{Fin 7n request for payment of non staff expenses}},
    year = {2015},
    journal = {Notes},
    author = {To, Refer and Overleaf, Notes and In, Complete and Capitals, Block and Details, Giving and Expenses, O F and Claimed, Being and Will, Payment and Made, B E and The, T O and Account, Bank and Below, Given and All, I N},
    isbn = {3062616995146}
}

@article{To2015FinExpensesd,
    title = {{Fin 7n request for payment of non staff expenses}},
    year = {2015},
    journal = {Notes},
    author = {To, Refer and Overleaf, Notes and In, Complete and Capitals, Block and Details, Giving and Expenses, O F and Claimed, Being and Will, Payment and Made, B E and The, T O and Account, Bank and Below, Given and All, I N},
    isbn = {3062616995146}
}

@article{Expenses2015FinExpenses,
    title = {{Fin 7n request for payment of non staff expenses}},
    year = {2015},
    journal = {Notes},
    author = {Expenses, O F and Claimed, Being and Will, Payment and Made, B E and The, T O and Account, Bank and Below, Given and All, I N},
    isbn = {3062616995146}
}

@article{Expenses2015FinExpensesb,
    title = {{Fin 7n request for payment of non staff expenses}},
    year = {2015},
    journal = {Notes},
    author = {Expenses, O F and Claimed, Being and Will, Payment and Made, B E and The, T O and Account, Bank and Below, Given and All, I N},
    isbn = {3062616995146}
}

@article{Expenses2015FinExpensesc,
    title = {{Fin 7n request for payment of non staff expenses}},
    year = {2015},
    journal = {Notes},
    author = {Expenses, O F and Claimed, Being and Will, Payment and Made, B E and The, T O and Account, Bank and Below, Given and All, I N},
    isbn = {3062616995146}
}

@article{Expenses2015FinExpensesd,
    title = {{Fin 7n request for payment of non staff expenses}},
    year = {2015},
    journal = {Notes},
    author = {Expenses, O F and Claimed, Being and Will, Payment and Made, B E and The, T O and Account, Bank and Below, Given and All, I N},
    isbn = {3062616995146}
}

@article{Leon2016FinExpenses,
    title = {{Fin 7s request for payment of staff expenses}},
    year = {2016},
    author = {Leon, Olivenza and Of, Purchase and Student, Matlab and Suite, Matlab Student}
}

@article{Leon2016FinExpensesb,
    title = {{Fin 7s request for payment of staff expenses}},
    year = {2016},
    author = {Leon, Olivenza and Of, Purchase and Student, Matlab and Suite, Matlab Student}
}

@article{LeonFinExpenses,
    title = {{Fin 7s request for payment of staff expenses}},
    author = {Leon, Olivenza and Tickets, Train and Ely, T O and Visit, T O}
}

@article{Leon2016FinExpensesc,
    title = {{Fin 7s request for payment of staff expenses}},
    year = {2016},
    author = {Leon, Olivenza and Of, Purchase and Student, Matlab and Suite, Matlab Student}
}

@article{LeonFinExpensesb,
    title = {{Fin 7s request for payment of staff expenses}},
    author = {Leon, Olivenza and Tickets, Train and Ely, T O and Visit, T O}
}

@article{LeonFinExpensesc,
    title = {{Fin 7s request for payment of staff expenses}},
    author = {Leon, Olivenza and Analytical, Emerging}
}

@article{Ticket2017FinExpenses,
    title = {{Fin 7s request for payment of staff expenses}},
    year = {2017},
    author = {Ticket, Return Train},
    pages = {10--11}
}

@article{Leon2017FinExpenses,
    title = {{Fin 7s request for payment of staff expenses}},
    year = {2017},
    author = {Leon, Olivenza},
    pages = {10--11}
}

@article{ExpensesFinExpenses,
    title = {{Fin 7s request for payment of staff expenses}},
    author = {Expenses, Food}
}

@article{Leon2018FinExpenses,
    title = {{Fin 7s request for payment of staff expenses}},
    year = {2018},
    author = {Leon, Olivenza}
}

@article{InternationalFinExpenses,
    title = {{Fin 7s request for payment of staff expenses}},
    author = {International, Birmingham}
}

@article{LeonFinExpensesd,
    title = {{Fin 7s request for payment of staff expenses}},
    author = {Leon, Olivenza}
}

@article{LeonFinExpensese,
    title = {{Fin 7s request for payment of staff expenses}},
    author = {Leon, Olivenza}
}

@misc{FirstO2.pdf,
    title = {{first 4 samples O2.pdf}}
}

@article{EncyclopediaoftheNations2001FranceGroups,
    title = {{France overview - system, power, ethnic groups}},
    year = {2001},
    journal = {The Encyclopedia of the Nations},
    author = {{Encyclopedia of the Nations}},
    pages = {31--47},
    volume = {203},
    url = {http://www.nationsencyclopedia.com/Europe/France.html},
    doi = {10.1016/S1387-3806(00)00265-7},
    issn = {13873806},
    keywords = {computer modeling, electrospray, ion cooling, mass range, simulation, space charge}
}

@article{Cocinero2013FreeLocked,
    title = {{Free Fructose Is Conformationally Locked}},
    year = {2013},
    journal = {Journal of the American Chemical Society},
    author = {Cocinero, Emilio J. and Lesarri, Alberto and {\'{E}}cija, Patricia and Cimas, Álvaro and Davis, Benjamin G. and Basterretxea, Francisco J. and Fern{\'{a}}ndez, José a. and Casta{\~{n}}o, Fernando},
    number = {7},
    month = {2},
    pages = {2845--2852},
    volume = {135},
    url = {http://www.ncbi.nlm.nih.gov/pubmed/23346993 http://pubs.acs.org/doi/abs/10.1021/ja312393m},
    isbn = {0002-7863},
    doi = {10.1021/ja312393m},
    issn = {0002-7863},
    pmid = {23346993}
}

@article{Kra2013GivingTalk,
    title = {{Giving a Talk}},
    year = {2013},
    journal = {Notices AMS},
    author = {Kra, Bryna},
    pages = {1--5},
    volume = {60},
    url = {message:<LISTSERV%201209281049351048.B1DF@LISTS.UFL.EDU>\npapers2://publication/uuid/0CE4E82D-7954-4402-A826-3553C2A1C938}
}

@article{AdaptedHardwareSpectrometer,
    title = {{Hardware Reference Unipolar Bench-top PTR-TOF Mass Spectrometer}},
    author = {Adapted, Comment and Csls, Initial}
}

@article{Unit2008HazardousAssessment,
    title = {{Hazardous Substances Policy - Assessment}},
    year = {2008},
    journal = {Occupational Health},
    author = {Unit, Safety},
    pages = {4--6}
}

@article{Acton2014HeadspaceSpectrometer,
    title = {{Headspace analysis of new psychoactive substances using a Selective Reagent Ionisation-Time of Flight-Mass Spectrometer}},
    year = {2014},
    journal = {International Journal of Mass Spectrometry},
    author = {Acton, W. Joe and Lanza, Matteo and Agarwal, Bishu and J{\"{u}}rschik, Simone and Sulzer, Philipp and Breiev, Kostiantyn and Jordan, Alfons and Hartungen, Eugen and Hanel, Gernot and M{\"{a}}rk, Lukas and Mayhew, Chris A. and M{\"{a}}rk, Tilmann D.},
    number = {1},
    pages = {28--38},
    volume = {360},
    publisher = {Elsevier B.V.},
    url = {http://dx.doi.org/10.1016/j.ijms.2013.12.009},
    isbn = {1387-3806},
    doi = {10.1016/j.ijms.2013.12.009},
    issn = {13873806},
    pmid = {25844048},
    keywords = {Branching ratios, Drug detection, New psychoactive substances, PTR-MS, SRI-TOF-MS}
}

@article{Hazard2005HealthAssessment,
    title = {{Health and Safety Guidance Chemical Hazard and Risk Assessment}},
    year = {2005},
    author = {Hazard, Chemical and Assessment, Risk},
    number = {October}
}

@article{Heroin,
    title = {{Heroin ( C 21 H 23 NO 5 ) DC E / N ( Td ) Relative abundance ({\%}) PTR Entry Voltage ( V )}},
    number = {5},
    pages = {370},
    volume = {14}
}

@article{Heroinb,
    title = {{Heroin 300 ng DC Relative abundance ({\%}) E / N ( Td )}},
    pages = {300}
}

@article{Heroinc,
    title = {{Heroin 300 ng RF Relative abundance ({\%}) PTR Entry Voltage ( V )}},
    number = {V},
    pages = {370},
    volume = {14}
}

@article{Hadener2018High-ResolutionTesting,
    title = {{High-Resolution Ion Mobility Spectrometry for Rapid Cannabis Potency Testing}},
    year = {2018},
    journal = {Analytical Chemistry},
    author = {H{\"{a}}dener, Marianne and Kamrath, Michael Z. and Weinmann, Wolfgang and Groessl, Michael},
    number = {15},
    pages = {8764--8768},
    volume = {90},
    doi = {10.1021/acs.analchem.8b02180},
    issn = {15206882}
}

@article{HowGet,
    title = {{How much RF do we need and how 'hot' does it get?}},
    number = {5},
    pages = {5--7}
}

@article{HowGetb,
    title = {{How much RF do we need and how 'hot' does it get?}},
    number = {5},
    pages = {5--7}
}

@article{HowGetc,
    title = {{How much RF do we need and how 'hot' does it get?}},
    number = {5},
    pages = {5--7}
}

@misc{Hunter_et_al_1998.pdf,
    title = {{Hunter{\_}et{\_}al{\_}1998.pdf}}
}

@article{Jtbbedar1980I,
    title = {{I ( a ) V ( v )}},
    year = {1980},
    journal = {Trial},
    author = {Jtbbedar, P},
    number = {2},
    pages = {2004},
    volume = {1},
    keywords = {doi:10.1029/9, http://dx.doi.org/10.1029/97GL00759}
}

@article{Co2006IX,
    title = {{I / N / D / E / X}},
    year = {2006},
    author = {Co, Ehrdc},
    number = {9},
    pages = {1--6},
    volume = {91},
    keywords = {2010 ams subject classifications, 60k25, 68m20, 90b22, deterministic, markovian arrival process, queueing-time, roots, system-time}
}

@article{Co2006IXb,
    title = {{I / N / D / E / X}},
    year = {2006},
    author = {Co, Ehrdc},
    number = {9},
    pages = {1--6},
    volume = {91},
    keywords = {2010 ams subject classifications, 60k25, 68m20, 90b22, deterministic, markovian arrival process, queueing-time, roots, system-time}
}

@article{Co2006IXc,
    title = {{I / N / D / E / X}},
    year = {2006},
    author = {Co, Ehrdc},
    number = {9},
    pages = {1--6},
    volume = {91},
    keywords = {2010 ams subject classifications, 60k25, 68m20, 90b22, deterministic, markovian arrival process, queueing-time, roots, system-time}
}

@article{Co2006IXd,
    title = {{I / N / D / E / X}},
    year = {2006},
    author = {Co, Ehrdc},
    number = {9},
    pages = {1--6},
    volume = {91},
    keywords = {2010 ams subject classifications, 60k25, 68m20, 90b22, deterministic, markovian arrival process, queueing-time, roots, system-time}
}

@article{Group2017IT,
    title = {{I m p a c t}},
    year = {2017},
    author = {Group, Molecular Physics},
    number = {674911}
}

@article{Fahrkarte2016IC/ECEuropa,
    title = {{IC/EC Fahrkarte Sparpreis Europa}},
    year = {2016},
    author = {Fahrkarte, I C E C and Leicher, Herr Andreas},
    number = {8013},
    pages = {98--100},
    isbn = {4556695619}
}

@article{Fahrkarte2016IC/ECEuropab,
    title = {{IC/EC Fahrkarte Sparpreis Europa}},
    year = {2016},
    author = {Fahrkarte, I C E C and Leicher, Herr Andreas},
    number = {8013},
    pages = {98--100},
    isbn = {4556695619}
}

@article{Fahrkarte2016IC/ECEuropac,
    title = {{IC/EC Fahrkarte Sparpreis Europa}},
    year = {2016},
    author = {Fahrkarte, I C E C and Leicher, Herr Andreas},
    number = {8013},
    pages = {98--100},
    isbn = {4556695619}
}

@article{Fahrkarte2016IC/ECEuropad,
    title = {{IC/EC Fahrkarte Sparpreis Europa}},
    year = {2016},
    author = {Fahrkarte, I C E C and Leicher, Herr Andreas},
    number = {8013},
    pages = {98--100},
    isbn = {4556695619}
}

@article{Pathak2018IdentificationSpectra,
    title = {{Identification of Isomers by Multidimensional Isotopic Shifts in High-Field Ion Mobility Spectra}},
    year = {2018},
    journal = {Analytical Chemistry},
    author = {Pathak, Pratima and Baird, Matthew A. and Shvartsburg, Alexandre A.},
    number = {15},
    pages = {9410--9417},
    volume = {90},
    publisher = {American Chemical Society},
    doi = {10.1021/acs.analchem.8b02057},
    issn = {15206882}
}

@article{Fernandez2017IDENTIFICATIONBy,
    title = {{IDENTIFICATION OF VOLATILE ORGANIC COMPOUNDS IN BREATH ASSOCIATED WITH LIVER DISEASE AND THEIR POTENTIAL By}},
    year = {2017},
    author = {Fern{\'{a}}ndez, Raquel},
    number = {March}
}

@misc{Images.pdf,
    title = {{images.pdf}}
}

@article{Ethics2016IMPACTSeminar,
    title = {{IMPACT 2016 - Business Ethics seminar}},
    year = {2016},
    author = {Ethics, Business and Please, Interest Level and Length, Class and Would, Class Recommend and Please, Instructor Preparation}
}

@article{Ibrahim2006ImprovingInterface,
    title = {{Improving Mass Spectrometer Sensitivity Using a High-Pressure Electrodynamic Ion Funnel Interface}},
    year = {2006},
    journal = {Journal of the American Society for Mass Spectrometry},
    author = {Ibrahim, Yehia and Tang, Keqi and Tolmachev, Aleksey V. and Shvartsburg, Alexandre A. and Smith, Richard D.},
    number = {9},
    pages = {1299--1305},
    volume = {17},
    isbn = {1044-0305 (Print) 1044-0305 (Linking)},
    doi = {10.1016/j.jasms.2006.06.005},
    issn = {10440305},
    pmid = {16839773}
}

@article{Produccion2011IndiceGeneral,
    title = {{{\'{I}}ndice General}},
    year = {2011},
    author = {Producci{\'{o}}n, Capítulo I I}
}

@book{Gerlich1992InhomogeneousIons,
    title = {{Inhomogeneous RF Fields: A Versatile Tool for the Study of Processes with Slow Ions}},
    year = {1992},
    booktitle = {Advances in Chemical Physics},
    author = {Gerlich, Dieter},
    pages = {1--176},
    url = {http://dx.doi.org/10.1002/9780470141397.ch1},
    isbn = {9780470141397},
    doi = {10.1002/9780470141397.ch1},
    issn = {0065-2385},
    keywords = {adiabatic approximation, charged particles, energy distributions, fast oscillatory fields, special field geometries}
}

@article{Electroblotting1993InstructionManual,
    title = {{Instruction manual}},
    year = {1993},
    journal = {Packaging (Boston, Mass.)},
    author = {Electroblotting, Semi-dry},
    number = {D}
}

@article{Model2015InstructionManual,
    title = {{Instruction manual}},
    year = {2015},
    author = {Model, Dynamic Study},
    pages = {1--6},
    isbn = {8664936064}
}

@article{RfIntensity,
    title = {{Intensity ( c / s ) PTR Entry Voltage ( V )}},
    author = {Rf, C H O},
    number = {V},
    pages = {300}
}

@article{Brown2010InternationalAlcohols,
    title = {{International Journal of Mass Spectrometry Proton transfer reaction mass spectrometry investigations on the effects of reduced electric field and reagent ion internal energy on product ion branching ratios for a series of saturated alcohols}},
    year = {2010},
    journal = {International Journal of Mass Spectrometry},
    author = {Brown, P and Watts, P and M{\"{a}}rk, T D and Mayhew, C A},
    number = {2-3},
    pages = {103--111},
    volume = {294},
    publisher = {Elsevier B.V.},
    url = {http://dx.doi.org/10.1016/j.ijms.2010.05.028},
    doi = {10.1016/j.ijms.2010.05.028},
    issn = {1387-3806}
}

@article{2012INVESTIGATIONSPhysi,
    title = {{INVESTIGATIONS OF PROTON TRANSFER REACTION MASS SPECTROMETRY FOR APPLICATIONS IN ORGANOPHOSPHATE DETECTION AND BREATH ANALYSIS by Philip Andrew Brown A thesis submitted to The University of Birmingham for the degree of DOCTOR OF PHILOSOPHY School of Physi}},
    year = {2012},
    number = {August}
}

@article{Io,
    title = {{Io n s ig n a l in te n s ity ( c p s )}},
    pages = {7}
}

@article{Ion,
    title = {{Ion beam profile at exit plate Intensity of the beam ( au ) Distance from the revolution axis of the plate ( au )}},
    pages = {50}
}

@article{Mullock2008IonMeasurements,
    title = {{Ion counting TOFMS isotope ratio measurements}},
    year = {2008},
    author = {Mullock, S J},
    pages = {1--16}
}

@article{Julian2005IonFunnel,
    title = {{Ion funnels for the masses: Experiments and simulations with a simplified ion funnel}},
    year = {2005},
    journal = {Journal of the American Society for Mass Spectrometry},
    author = {Julian, Ryan R. and Mabbett, Sarah R. and Jarrold, Martin F.},
    number = {10},
    pages = {1708--1712},
    volume = {16},
    isbn = {1044-0305},
    doi = {10.1016/j.jasms.2005.06.012},
    issn = {10440305},
    pmid = {16095911}
}

@article{Marr2003IonHmtd,
    title = {{Ion Mobility Spectrometry of Peroxide Explosives Tatp and Hmtd}},
    year = {2003},
    journal = {International Journal for Ion Mobility Spectrometry},
    author = {Marr, Andrew J and Groves, David M},
    pages = {59--62},
    volume = {6},
    url = {http://www.bs-analytik.com/isims/pdf/6/2/11_IMS_6_2003_2.pdf}
}

@article{Mayer2016IonEfficiency,
    title = {{Ion transfer from an atmospheric pressure ion funnel into a mass spectrometer with different interface options: Simulation-based optimization of ion transmission efficiency}},
    year = {2016},
    journal = {Rapid Communications in Mass Spectrometry},
    author = {Mayer, Thomas and Borsdorf, Helko},
    number = {3},
    pages = {372--378},
    volume = {30},
    doi = {10.1002/rcm.7451},
    issn = {10970231}
}

@article{Ashcroft1997IonizationSpectrometry,
    title = {{Ionization Methods in Organic Mass Spectrometry}},
    year = {1997},
    author = {Ashcroft, Alison E.},
    pages = {176},
    url = {http://books.google.com/books?id=R0z87ch5DlQC&pgis=1},
    isbn = {0854045708},
    doi = {10.1039/9781847551191},
    issn = {0003-2700},
    pmid = {972949054}
}

@misc{Jp404581z,
    title = {{jp404581z}}
}

@misc{Ketones_H3O+_low_res.pdf,
    title = {{ketones{\_}H3O+{\_}low{\_}res.pdf}}
}

@misc{Ketones_O2+_low_res.pdf,
    title = {{ketones{\_}O2+{\_}low{\_}res.pdf}}
}

@article{Midey2009KineticsGX,
    title = {{Kinetics of ion-molecule reactions with dimethyl methylphosphonate at 298 K for chemical ionization mass spectrometry detection of GX}},
    year = {2009},
    journal = {Journal of Physical Chemistry A},
    author = {Midey, Anthony J. and Miller, Thomas M. and Viggiano, A. A.},
    number = {17},
    pages = {4982--4989},
    volume = {113},
    doi = {10.1021/jp900614a},
    issn = {10895639},
    pmid = {19385679}
}

@article{LimitedKoreReference,
    title = {{Kore TDC 4G DLL reference}},
    author = {Limited, Kore Technology and Park, Cambridgeshire Business},
    number = {2643175},
    pages = {1--72}
}

@misc{LogotipoUPV.pdf,
    title = {{Logotipo completo UPV.pdf}}
}

@inproceedings{Materials2014MagnetismAnd,
    title = {{Magnetism and}},
    year = {2014},
    author = {Materials, Magnetic},
    number = {November},
    doi = {10.1016/S0081-1947(01)80019-9}
}

@article{Actions2016Marie,
    title = {{Marie Curie Early Stage Researcher Positions Available for 2016 “ IMPACT ”}},
    year = {2016},
    author = {Actions, Marie Skłodowska-curie},
    pages = {1--6}
}

@article{MARIE,
    title = {{MARIE SK{\L}ODOWSKA -CURIE ACTIONS Innovative Training Network ( ITN )}},
    number = {674911},
    pages = {674911}
}

@article{MARIEb,
    title = {{MARIE SK{\L}ODOWSKA -CURIE ACTIONS Innovative Training Network ( ITN )}},
    number = {674911},
    pages = {674911}
}

@article{MARIEc,
    title = {{MARIE SK{\L}ODOWSKA -CURIE ACTIONS Innovative Training Network ( ITN )}},
    number = {674911},
    pages = {674911}
}

@article{MARIEPTR-MS,
    title = {{MARIE SK{\L}ODOWSKA -CURIE ACTIONS Innovative Training Network ( ITN ) PTR-MS}},
    number = {674911},
    pages = {674911}
}

@article{Oxley2000MassHMTD,
    title = {{Mass spectra of unlabeled and isotopically labeled hexamethylene triperoxide diamine (HMTD)}},
    year = {2000},
    journal = {Propellants, Explosives, Pyrotechnics},
    author = {Oxley, Jimmie and Zhang, Jun and Smith, James and Cioffi, Eugene},
    number = {6},
    pages = {284--287},
    volume = {25},
    doi = {10.1002/1521-4087(200012)25:6<284::AID-PREP284>3.0.CO;2-X},
    issn = {07213115},
    arxivId = {`}
}

@article{ParkMassGuide,
    title = {{Mass Spectral and Transient / Chromatographic Acquisition Software User Guide}},
    author = {Park, Cambridgeshire Business},
    number = {0},
    volume = {44}
}

@article{Pena-Quevedo2009MassProducts,
    title = {{Mass Spectrometry Analysis of  Hexamethylene Triperoxide Diamine by its Decomposition Products}},
    year = {2009},
    journal = {Proceedings of SPIE - The International Society for Optical Engineering},
    author = {Pe{\~{n}}a-Quevedo, Alvaro J. and Hern{\'{a}}ndez-Rivera, Samuel P.},
    number = {MAY 2009},
    pages = {11},
    volume = {7303},
    isbn = {9780819475695},
    doi = {10.1117/12.819080},
    issn = {0277786X}
}

@article{Smith2014MassAnalysis.,
    title = {{Mass spectrometry for real-time quantitative breath analysis.}},
    year = {2014},
    journal = {Journal of Breath Research},
    author = {Smith, David and {\v{S}}pan{\v{e}}l, Patrik and Herbig, Jens and Beauchamp, Jonathan},
    number = {2},
    pages = {027101},
    volume = {8},
    url = {http://www.ncbi.nlm.nih.gov/pubmed/24682047},
    isbn = {1752-7163 (Electronic)
1752-7155 (Linking)},
    doi = {10.1088/1752-7155/8/2/027101},
    issn = {1752-7163},
    pmid = {24682047}
}

@article{Carpenter1968MassKetones,
    title = {{Mass spectrometry in structural and stereochemical problems. CXLIV. Unusual fragmentations in the low-voltage spectra of aliphatic ketones}},
    year = {1968},
    journal = {Journal of the American Chemical Society},
    author = {Carpenter, Wayne R and Duffield, Alan M and Djerassi, Carl},
    number = {1},
    pages = {160--164},
    volume = {90},
    url = {http://dx.doi.org/10.1021/ja01003a028\nhttp://pubs.acs.org/doi/pdfplus/10.1021/ja01003a028},
    isbn = {0002-7863},
    doi = {10.1021/ja01003a028},
    issn = {00027863}
}

@misc{MasterEnglish.pdf,
    title = {{master english.pdf}}
}

@misc{Matlab2.pdf,
    title = {{matlab2.pdf}}
}

@misc{Matlab3.pdf,
    title = {{matlab3.pdf}}
}

@misc{MAU2017.pdf,
    title = {{MAU Monthly Report - September 2017.pdf}}
}

@article{Schneider2017MaximizingSpectrometry,
    title = {{Maximizing Ion Transmission in Differential Mobility Spectrometry}},
    year = {2017},
    journal = {Journal of the American Society for Mass Spectrometry},
    author = {Schneider, Bradley B. and Londry, Frank and Nazarov, Erkinjon G. and Kang, Yang and Covey, Thomas R.},
    number = {10},
    pages = {2151--2159},
    volume = {28},
    publisher = {Journal of The American Society for Mass Spectrometry},
    isbn = {1336101717},
    doi = {10.1007/s13361-017-1727-7},
    issn = {18791123},
    keywords = {Computational fluid dynamics, Differential mobility spectrometry, Ion transmission, Mass Spectrometry, Simulations}
}

@article{TdMDMA,
    title = {{MDMA ( C 11 H 15 NO 2 ) DC Relative abundance ({\%}) PTR Entry Voltage ( V )}},
    author = {Td, E N},
    number = {2},
    pages = {390}
}

@article{MDMA,
    title = {{MDMA 300 ng DC mode Relative abundance ({\%}) E / N ( Td )}},
    pages = {300}
}

@article{MDMAb,
    title = {{MDMA 300 ng RF mode Relative abundance ({\%}) PTR Entry Voltage ( V )}},
    number = {V},
    pages = {300}
}

@article{MDMAc,
    title = {{MDMA RF mode 100 ng Relative abundance ({\%}) PTR Entry Voltage ( V )}},
    number = {V},
    pages = {300}
}

@article{Olivenza-le2018MeasurementsLtd,
    title = {{Measurements at KORE Technology Ltd}},
    year = {2018},
    author = {Olivenza-le, David},
    number = {c},
    pages = {2--7}
}

@article{Nagesh2004MechanismReactor,
    title = {{Mechanism of titanium sponge formation in the kroll reduction reactor}},
    year = {2004},
    journal = {Metallurgical and Materials Transactions B},
    author = {Nagesh, Ch. R. V. S. and Rao, Ch. Sridhar and Ballal, N. B. and Rao, P. Krishna},
    number = {1},
    pages = {65--74},
    volume = {35},
    url = {http://link.springer.com/article/10.1007/s11663-004-0097-2\nhttp://link.springer.com/10.1007/s11663-004-0097-2},
    doi = {10.1007/s11663-004-0097-2},
    issn = {1073-5615}
}

@article{Methyl,
    title = {{Methyl Benzoate ( C 8 H 8 O 2 ) DC E / N ( Td ) Relative abundance ({\%}) PTR Entry Voltage ( V )}},
    number = {V},
    pages = {425}
}

@article{Methylb,
    title = {{Methyl Benzoate ( C 8 H 8 O 2 ) DC Relative abundance ({\%}) E / N ( Td )}},
    pages = {240}
}

@article{Methylc,
    title = {{Methyl Benzoate ( C 8 H 8 O 2 ) DC Relative abundance ({\%}) E / N ( Td ) Methyl benzoate ( C 8 H 8 O 2 ) RF mode Relative abundance ({\%}) PTR Entry Voltage ( V )}}
}

@article{Methyld,
    title = {{Methyl Benzoate DC E / N ( Td ) Intensity ( c / s ) PTR Entry Voltage ( V )}},
    number = {V},
    pages = {425},
    volume = {07}
}

@article{Methyle,
    title = {{Methyl ecgonine DC mode 200 ng E / N ( Td ) Intensity ( c / s ) PTR Entry Voltage ( V )}},
    number = {V},
    pages = {400},
    volume = {07}
}

@article{Methylf,
    title = {{Methyl Ecgonine DC mode Branching ratios E / N ( Td ) Intensity ( c / s ) PTR Entry Voltage ( V )}},
    number = {V},
    pages = {400}
}

@article{Methylg,
    title = {{Methyl ecgonine DC mode E / N ( Td ) Intensity ( c / s ) PTR Entry Voltage ( V )}},
    number = {V},
    pages = {400},
    volume = {168}
}

@article{Methylh,
    title = {{Methyl ecgonine DC ncps ( per 10 total reagent ions ) 200ng E / N ( Td ) Intensity ( ncps ) PTR Entry Voltage ( V )}},
    number = {V},
    pages = {400},
    volume = {10}
}

@article{Methyli,
    title = {{Methyl Ecgonine RF mode 30 ng ( counts per second per ng ) Intensity ( c /( s ng )) PTR Entry Voltage ( V )}},
    number = {V},
    pages = {300}
}

@article{Methylj,
    title = {{Methyl Ecgonine RF mode 30 ng Intensity ( c / s ) PTR Entry Voltage ( V )}},
    number = {V},
    pages = {800}
}

@article{Methylk,
    title = {{Methyl Ecgonine RF ncps ( per 10 total reagent ions ) 30 ng Intensity ( ncps ) PTR Entry Voltage ( V )}},
    number = {V},
    pages = {300}
}

@article{Methyl500,
    title = {{Methyl Ecgonine RF ncps/ng (per 10 total reagent ions) 30 ng 500}},
    number = {V},
    pages = {800},
    volume = {11}
}

@article{TheMicrosoft,
    title = {{Microsoft Public License ( Ms-PL )}},
    author = {The, Definitions and Subject, Copyright Grant- and Subject, Patent Grant- and This, No Trademark License-},
    number = {C},
    keywords = {accept the license, do not use the, if you do not, if you use the, ms-pl, of the accompanying software, rosoft public license, software, this license, this license governs use, you accept}
}

@article{Mmayer2010MicrosoftOpenSSL.txt,
    title = {{Microsoft Word - OpenSSL.txt}},
    year = {2010},
    author = {{Mmayer}},
    number = {c},
    pages = {1--2},
    url = {papers://17f49ca7-70fd-4af1-b4f5-65f059469a31/Paper/p2088}
}

@article{Olivenza-leon2018Mid-CourseReport,
    title = {{Mid-Course Assessment Report}},
    year = {2018},
    author = {Olivenza-le{\'{o}}n, Student David},
    number = {April}
}

@article{Viehland2015MinimizingPressure,
    title = {{Minimizing false positives in ion mobility spectrometry by changing the field or pressure}},
    year = {2015},
    journal = {International Journal for Ion Mobility Spectrometry},
    author = {Viehland, Larry A.},
    number = {3-4},
    pages = {171--175},
    volume = {18},
    doi = {10.1007/s12127-015-0181-0},
    issn = {18654584},
    keywords = {(n,4)-core model potential, False positives, Gaseous ion transport, Ion mobility spectrometry}
}

@article{Bruch2007MiseMicroscopique,
    title = {{Mise en correspondance de l'hyst{\'{e}}roscopie et de l'anatomo-cyto- pathologie endom{\'{e}}triale: Vers une nouvelle s{\'{e}}miologie dynamique endoscopique et microscopique»}},
    year = {2007},
    journal = {Reproduction Humaine et Hormones},
    author = {Bruch, Jean Frédéric and Guilbaud, Olivier and Bor, Catherine},
    number = {3},
    pages = {133--138},
    volume = {20},
    isbn = {1098-2787},
    doi = {10.1002/mas},
    issn = {09943919},
    pmid = {17407130},
    arxivId = {NIHMS150003},
    keywords = {esi, guide, ion guide, ion optics, multipole ion, rf focusing, stacked ring ion guide}
}

@article{Aima2015ModelJakarta,
    title = {{Model of an influence communitization marketing 3.0 and behaviour segmentation on increase consumer value for higher education institution private university in Jakarta}},
    year = {2015},
    journal = {International Journal of Applied Business and Economic Research},
    author = {Aima, Havidz and Surip, Ngadino and Susilo, Wilhelmus Hary},
    number = {9},
    pages = {6841--6852},
    volume = {13},
    doi = {10.1002/fld},
    issn = {09727302},
    keywords = {Behaviour segmentation, Consumer value and superior dimension, Marketing 3.0}
}

@article{Tolmachev2003ModelingGuides,
    title = {{Modeling the ion density distribution in collisional cooling RF multipole ion guides}},
    year = {2003},
    journal = {International Journal of Mass Spectrometry},
    author = {Tolmachev, Aleksey V. and Udseth, Harold R. and Smith, Richard D.},
    number = {1-3},
    pages = {155--174},
    volume = {222},
    isbn = {0022-3751 (Print)},
    doi = {10.1016/S1387-3806(02)00960-0},
    issn = {13873806},
    pmid = {4778139},
    keywords = {Computer modeling, Ion cooling, Mass range, Simulation, Space charge}
}

@article{Andersen1980MolecularTemperature,
    title = {{Molecular dynamics simulations at constant pressure and/or temperature}},
    year = {1980},
    journal = {The Journal of Chemical Physics},
    author = {Andersen, Hans C.},
    number = {4},
    pages = {2384--2393},
    volume = {72},
    isbn = {0021-9606},
    doi = {10.1063/1.439486},
    issn = {00219606},
    pmid = {1517}
}

@misc{2018Monthly2018,
    title = {{Monthly Energy Report January 2018}},
    year = {2018},
    pages = {5},
    url = {https://www.eia.gov/totalenergy/data/monthly/pdf/sec1_5.pdf}
}

@misc{Monthly2012,
    title = {{Monthly Report - Feb 2012}}
}

@misc{QRA2015Monthly2015,
    title = {{Monthly report - May 2015}},
    year = {2015},
    author = {{QRA}},
    number = {May},
    pages = {8--11},
    url = {http://qldreconstruction.org.au/publications-guides}
}

@misc{MonthlySigned.pdf,
    title = {{monthly report july 2018 signed.pdf}}
}

@misc{Oligourea2012Monthly2012,
    title = {{Monthly report March 2012}},
    year = {2012},
    author = {Oligourea, All-},
    number = {March},
    pages = {1--9}
}

@misc{Oligourea2012Monthly2012b,
    title = {{Monthly report March 2012}},
    year = {2012},
    author = {Oligourea, All-},
    number = {March},
    pages = {1--9}
}

@misc{2013Monthly2013,
    title = {{Monthly Report- August 2013}},
    year = {2013},
    number = {August},
    pages = {2013},
    volume = {1893}
}

@misc{2013Monthly2013b,
    title = {{Monthly Report- August 2013}},
    year = {2013},
    number = {August},
    pages = {2013},
    volume = {1893}
}

@article{Morphine,
    title = {{Morphine 300 ng DC Relative abundance ({\%}) E / N ( Td )}},
    pages = {300}
}

@article{Morphineb,
    title = {{Morphine 300 ng DC Relative abundance ({\%}) E / N ( Td ) Relative abundance ({\%}) PTR Entry Voltage ( V )}},
    pages = {7--8}
}

@article{Morphinec,
    title = {{Morphine 300 ng RF Relative abundance ({\%}) PTR Entry Voltage ( V )}},
    number = {V},
    pages = {300}
}

@article{Wannier1952MotionII,
    title = {{Motion of {\{}Gaseous{\}} {\{}Ions{\}} in a {\{}Strong{\}} {\{}Electric{\}} {\{}Field{\}}. {\{}II{\}}}},
    year = {1952},
    journal = {Physical Review},
    author = {Wannier, Gregory H},
    number = {5},
    pages = {795--798},
    volume = {87},
    url = {https://link.aps.org/doi/10.1103/PhysRev.87.795},
    doi = {10.1103/PhysRev.87.795}
}

@article{Jackson2010N-NitrosopiperazinesStudy.,
    title = {{N-Nitrosopiperazines form at high pH in post-combustion capture solutions containing piperazine: a low-energy collisional behaviour study.}},
    year = {2010},
    journal = {Rapid communications in mass spectrometry : RCM},
    author = {Jackson, Phil and Attalla, Moetaz I},
    number = {24},
    pages = {3567--3577},
    volume = {24},
    isbn = {1097-0231 (Electronic){\textbackslash}r0951-4198 (Linking)},
    doi = {10.1002/rcm},
    issn = {0951-4198},
    pmid = {21108305},
    arxivId = {NIHMS150003}
}

@article{White2016NewAc,
    title = {{New RS Pro White , 100m Hookup {\&} Airframe Single Core Equipment Wire Low Smoke Density , 600 V ac}},
    year = {2016},
    author = {White, R S Pro and Single, Airframe and Equipment, Core and Low, Wire and Density, Smoke and Reference, Technical},
    pages = {1--2}
}

@article{Kelly2011NIHAccess,
    title = {{NIH Public Access}},
    year = {2011},
    journal = {Evolution},
    author = {Kelly, Ryan T and Tolmachev, Aleksey V and Page, Jason S and Tang, Keqi and Smith, Richard D},
    number = {2},
    pages = {294--312},
    volume = {29},
    doi = {10.1002/mas.20232.The},
    keywords = {esi, ion guide, ion optics, multipole ion guide, rf focusing, stacked ring ion guide}
}

@article{Ibrahim2007NIHAccess,
    title = {{NIH Public Access}},
    year = {2007},
    author = {Ibrahim, Yehia and Tang, Keqi and Tolmachev, Aleksey V and Shvartsburg, Alexandre A and Richard, D},
    number = {9},
    pages = {1299--1305},
    volume = {17}
}

@article{2002NoTitle,
    title = {{No Title}},
    year = {2002}
}

@article{NoTitle,
    title = {{No Title}},
    pages = {5}
}

@article{NoTitleb,
    title = {{No Title}},
    pages = {5}
}

@article{NoTitlec,
    title = {{No Title}},
    pages = {5}
}

@article{NoTitled,
    title = {{No Title}},
    pages = {180},
    volume = {100}
}

@article{NoTitlee,
    title = {{No Title}},
    pages = {180},
    volume = {100}
}

@article{NoTitlef,
    title = {{No Title}},
    pages = {180},
    volume = {100}
}

@article{NoTitleg,
    title = {{No Title}},
    pages = {140000},
    volume = {140000}
}

@article{NoTitleh,
    title = {{No Title}},
    pages = {70000},
    volume = {70000}
}

@article{NoTitlei,
    title = {{No Title}},
    pages = {3--5},
    volume = {100}
}

@article{NoTitlej,
    title = {{No Title}},
    pages = {180},
    volume = {100}
}

@article{Melorose2015NoTitle,
    title = {{No Title No Title}},
    year = {2015},
    journal = {Statewide Agricultural Land Use Baseline 2015},
    author = {Melorose, J. and Perroy, R. and Careas, S.},
    volume = {1},
    isbn = {9788578110796},
    doi = {10.1017/CBO9781107415324.004},
    issn = {1098-6596},
    pmid = {25246403},
    arxivId = {arXiv:1011.1669v3},
    keywords = {icle}
}

@article{Tobergte2013NoTitle,
    title = {{No Title No Title}},
    year = {2013},
    journal = {Journal of Chemical Information and Modeling},
    author = {Tobergte, David R. and Curtis, Shirley},
    number = {9},
    pages = {1689--1699},
    volume = {53},
    isbn = {9788578110796},
    doi = {10.1017/CBO9781107415324.004},
    issn = {1098-6596},
    pmid = {25246403},
    arxivId = {arXiv:1011.1669v3},
    keywords = {icle}
}

@article{Tobergte2013NoTitleb,
    title = {{No Title No Title}},
    year = {2013},
    journal = {Journal of Chemical Information and Modeling},
    author = {Tobergte, David R. and Curtis, Shirley},
    number = {9},
    pages = {1689--1699},
    volume = {53},
    isbn = {9788578110796},
    doi = {10.1017/CBO9781107415324.004},
    issn = {1098-6596},
    pmid = {25246403},
    arxivId = {arXiv:1011.1669v3},
    keywords = {icle}
}

@article{Tobergte2013NoTitlec,
    title = {{No Title No Title}},
    year = {2013},
    journal = {Journal of Chemical Information and Modeling},
    author = {Tobergte, David R. and Curtis, Shirley},
    number = {9},
    pages = {1689--1699},
    volume = {53},
    isbn = {9788578110796},
    doi = {10.1017/CBO9781107415324.004},
    issn = {1098-6596},
    pmid = {25246403},
    arxivId = {arXiv:1011.1669v3},
    keywords = {icle}
}

@article{Melorose2015NoTitleb,
    title = {{No Title No Title}},
    year = {2015},
    journal = {Statewide Agricultural Land Use Baseline 2015},
    author = {Melorose, J. and Perroy, R. and Careas, S.},
    pages = {1--80},
    volume = {1},
    isbn = {9788578110796},
    doi = {10.1017/CBO9781107415324.004},
    issn = {1098-6596},
    pmid = {25246403},
    arxivId = {arXiv:1011.1669v3},
    keywords = {icle}
}

@article{Tobergte2013NoTitled,
    title = {{No Title No Title}},
    year = {2013},
    journal = {Journal of Chemical Information and Modeling},
    author = {Tobergte, David R. and Curtis, Shirley},
    number = {9},
    pages = {1689--1699},
    volume = {53},
    isbn = {9788578110796},
    doi = {10.1017/CBO9781107415324.004},
    issn = {1098-6596},
    pmid = {25246403},
    arxivId = {arXiv:1011.1669v3},
    keywords = {icle}
}

@article{Tobergte2013NoTitlee,
    title = {{No Title No Title}},
    year = {2013},
    journal = {Journal of Chemical Information and Modeling},
    author = {Tobergte, David R. and Curtis, Shirley},
    number = {9},
    pages = {1689--1699},
    volume = {53},
    isbn = {9788578110796},
    doi = {10.1017/CBO9781107415324.004},
    issn = {1098-6596},
    pmid = {25246403},
    arxivId = {arXiv:1011.1669v3},
    keywords = {icle}
}

@article{Tobergte2013NoTitlef,
    title = {{No Title No Title}},
    year = {2013},
    journal = {Journal of Chemical Information and Modeling},
    author = {Tobergte, David R. and Curtis, Shirley},
    number = {9},
    pages = {1689--1699},
    volume = {53},
    isbn = {9788578110796},
    doi = {10.1017/CBO9781107415324.004},
    issn = {1098-6596},
    pmid = {25246403},
    arxivId = {arXiv:1011.1669v3},
    keywords = {icle}
}

@article{Tobergte2013NoTitleg,
    title = {{No Title No Title}},
    year = {2013},
    journal = {Journal of Chemical Information and Modeling},
    author = {Tobergte, David R. and Curtis, Shirley},
    number = {9},
    pages = {1689--1699},
    volume = {53},
    isbn = {9788578110796},
    doi = {10.1017/CBO9781107415324.004},
    issn = {1098-6596},
    pmid = {25246403},
    arxivId = {arXiv:1011.1669v3},
    keywords = {icle}
}

@article{Tobergte2013NoTitleh,
    title = {{No Title No Title}},
    year = {2013},
    journal = {Journal of Chemical Information and Modeling},
    author = {Tobergte, David R. and Curtis, Shirley},
    number = {9},
    pages = {1689--1699},
    volume = {53},
    isbn = {9788578110796},
    doi = {10.1017/CBO9781107415324.004},
    issn = {1098-6596},
    pmid = {25246403},
    arxivId = {arXiv:1011.1669v3},
    keywords = {icle}
}

@article{ParkNotesCollection,
    title = {{Notes on Usage Software for Spectrum Collection}},
    author = {Park, Cambridgeshire Business},
    number = {0},
    pages = {1--18},
    volume = {1}
}

@article{Local2014NoticeSaving,
    title = {{Notice to opt out of pension saving}},
    year = {2014},
    author = {Local, The and Pension, Government and Regulator, The Pensions and Government, The and Government, Local and Scheme, Pension},
    number = {April},
    pages = {1--8}
}

@article{Local2014NoticeSavingb,
    title = {{Notice to opt out of pension saving}},
    year = {2014},
    author = {Local, The and Pension, Government and Regulator, The Pensions and Government, The and Government, Local and Scheme, Pension},
    number = {April},
    pages = {1--8}
}

@article{MendezNumber1,
    title = {{Number of stainless steel plates Internal diameter of 1}},
    author = {M{\'{e}}ndez, Ramón González and Watts, Peter and Le{\'{o}}n, David Olivenza and Reich, Fraser and Mullock, Stephen and Corlett, Clive and Cairns, Stuart and Hickey, Peter and Brookes, Matthew and Mayhew, Chris and Park, Cambridgeshire Business and Science, Defence and Halstead, Fort and Tn, Kent and Science, Defence and Down, Porton and Sp, Wilshire and Medizin, Intensiv},
    pages = {674911}
}

@article{O,
    title = {{O ) H ) H ) H R e la tiv e a b u n d a n c e ({\%} ) ( C 3 H E / N ( T d )}},
    pages = {9},
    volume = {0}
}

@article{Ob,
    title = {{O ) H R e la tiv e a b u n d a n c e ({\%} ) E / N ( T d )}},
    pages = {8},
    volume = {0}
}

@article{Physics1975ObtainB,
    title = {{obtain detailed information about ion-neutral potentials . Some consideration is also given to ion diffusion and the partitioning of the ion energy . In Section II we present a derivation of the moment equations of Kihara [ 3 ] that does not require the B}},
    year = {1975},
    journal = {Annals of Physics},
    author = {Physics, O F},
    pages = {499--533},
    volume = {533}
}

@article{Luca2001OnSpectrometer,
    title = {{On the combination of a linear field free trap with a time-of-flight mass spectrometer}},
    year = {2001},
    journal = {Review of Scientific Instruments},
    author = {Luca, Alfonz and Schlemmer, Stephan and ??erm??k, Ivo and Gerlich, Dieter},
    number = {7},
    pages = {2900--2908},
    volume = {72},
    isbn = {0034-6748},
    doi = {10.1063/1.1373666},
    issn = {00346748}
}

@article{Spanel2001On-lineSpectrometry,
    title = {{On-line measurement of the absolute humidity of air, breath and liquid headspace samples by selected ion flow tube mass spectrometry}},
    year = {2001},
    journal = {Rapid Communications in Mass Spectrometry},
    author = {{\v{S}}pan{\v{e}}l, Patrik and Smith, David},
    number = {8},
    pages = {563--569},
    volume = {15},
    doi = {10.1002/rcm.265},
    issn = {09514198},
    pmid = {11312505}
}

@article{Lindinger1998On-lineResearch,
    title = {{On-line monitoring of volatile organic compounds at pptv levels by means of proton-transfer-reaction mass spectrometry (PTR-MS) medical applications, food control and environmental research}},
    year = {1998},
    journal = {International Journal of Mass Spectrometry and Ion Processes},
    author = {Lindinger, W. and Hansel, A. and Jordan, A.},
    number = {3},
    pages = {191--241},
    volume = {173},
    url = {http://www.sciencedirect.com/science/article/pii/S0168117697002814},
    isbn = {0168-1176},
    doi = {10.1016/S0168-1176(97)00281-4},
    issn = {01681176},
    keywords = {Breath analysis, Henry's constants, On-line monitoring, Proton-Transfer-Reaction Mass Spectrometer, Tropospheric trace constituents, VOC emissions}
}

@article{Lindinger1998On-lineResearchb,
    title = {{On-line monitoring of volatile organic compounds at pptv levels by means of proton-transfer-reaction mass spectrometry (PTR-MS) medical applications, food control and environmental research}},
    year = {1998},
    journal = {International Journal of Mass Spectrometry and Ion Processes},
    author = {Lindinger, W. and Hansel, A. and Jordan, A.},
    number = {3},
    pages = {191--241},
    volume = {173},
    url = {http://www.sciencedirect.com/science/article/pii/S0168117697002814},
    isbn = {0168-1176},
    doi = {10.1016/S0168-1176(97)00281-4},
    issn = {01681176},
    keywords = {Breath analysis, Henry's constants, On-line monitoring, Proton-Transfer-Reaction Mass Spectrometer, Tropospheric trace constituents, VOC emissions}
}

@article{Mcdonald2010OnlineStore,
    title = {{Online Store}},
    year = {2010},
    author = {Mcdonald, Alison},
    pages = {2010},
    isbn = {7329329711},
    doi = {10.21873/anticanres.11165},
    issn = {02507005}
}

@article{Centers2000OperatingManual,
    title = {{Operating manual}},
    year = {2000},
    author = {Centers, Vertical Machining},
    number = {January 1999},
    pages = {0--22},
    volume = {750}
}

@article{ParkOperatingComponents,
    title = {{Operating Manual Kore Ion Detection Components}},
    author = {Park, Cambridgeshire Business},
    number = {0},
    volume = {44}
}

@article{ParkOperatingComponentsb,
    title = {{Operating Manual Kore Ion Detection Components}},
    author = {Park, Cambridgeshire Business},
    number = {0},
    volume = {44}
}

@article{P,
    title = {{P ro d u c t Io n B ra n c h in g P e rc e n ta g e s ({\%} )}},
    pages = {5}
}

@article{Pb,
    title = {{P ro d u c t Io n B ra n c h in g P e rc e n ta g e s ({\%} )}},
    pages = {9}
}

@article{Pc,
    title = {{P ro d u c t Io n B ra n c h in g P e rc e n ta g e s ({\%} ) D rift V o lta g e ( V )}},
    pages = {5}
}

@article{Pd,
    title = {{P ro d u c t Io n B ra n c h in g P e rc e n ta g e s ({\%} ) D rift V o lta g e ( V )}},
    pages = {9}
}

@article{1982Page50,
    title = {{Page 50}},
    year = {1982},
    number = {June},
    pages = {50}
}

@article{Parent,
    title = {{Parent L ' Fragment /( Parent + fragment ) Fragment / Parent L '}},
    pages = {17}
}

@misc{Passport.pdf,
    title = {{passport.pdf}}
}

@misc{PaypalBratislava.pdf,
    title = {{paypal bratislava.pdf}}
}

@misc{PAYPAL1.pdf,
    title = {{PAYPAL1.pdf}}
}

@misc{PAYPAL2.pdf,
    title = {{PAYPAL2.pdf}}
}
@article{doi:10.1002/jms.1797,
    title = {{PTR-TOF-MS and data-mining methods for rapid characterisation of agro-industrial samples: influence of milk storage conditions on the volatile compounds profile of Trentingrana cheese}},
    journal = {Journal of Mass Spectrometry},
    author = {Fabris, Alessandra and Biasioli, Franco and Granitto, Pablo M and Aprea, Eugenio and Cappellin, Luca and Schuhfried, Erna and Soukoulis, Christos and M{\"{a}}rk, Tilmann D and Gasperi, Flavia and Endrizzi, Isabella},
    number = {9},
    pages = {1065--1074},
    volume = {45},
    url = {https://onlinelibrary.wiley.com/doi/abs/10.1002/jms.1797},
    doi = {10.1002/jms.1797},
    keywords = {Trentingrana, cheese, proton transfer reaction mass spectrometry, time of flight, volatile compounds}
}

@article{doi:10.1002/jms.2993,
    title = {{Rapid and facile detection of four date rape drugs in different beverages utilizing proton transfer reaction mass spectrometry ({\{}PTR-MS{\}})}},
    journal = {Journal of Mass Spectrometry},
    author = {J{\"{u}}rschik, Simone and Agarwal, Bishu and Kassebacher, Thomas and Sulzer, Philipp and Mayhew, Christopher A and M{\"{a}}rk, Tilmann D},
    number = {9},
    pages = {1092--1097},
    volume = {47},
    url = {https://onlinelibrary.wiley.com/doi/abs/10.1002/jms.2993},
    doi = {10.1002/jms.2993},
    keywords = {PTR-MS, PTR-TOFMS, contamination monitoring, drink spiking, food safety, proton transfer reaction, rape drug detection}
}

@article{doi:10.1021/acs.analchem.5b02994,
    title = {{Selected Ion Flow-Drift Tube Mass Spectrometry: Quantification of Volatile Compounds in Air and Breath}},
    year = {2015},
    journal = {Analytical Chemistry},
    author = {Spesyvyi, Anatolii and Smith, David and {\v{S}}pan{\v{e}}l, Patrik},
    number = {24},
    pages = {12151--12160},
    volume = {87},
    url = {https://doi.org/10.1021/acs.analchem.5b02994},
    doi = {10.1021/acs.analchem.5b02994}
}

@misc{ioniconlod,
    title = {{Sensitivity and {\{}LoD{\}}}},
    year = {2018},
    author = {{IONICON Analytik GmbH}},
    url = {http://www.ionicon.com/information/technology/sensitivity-and-lod}
}

@article{DAHL20003,
    title = {{Simion for the personal computer in reflection}},
    year = {2000},
    journal = {International Journal of Mass Spectrometry},
    author = {Dahl, David A},
    number = {1},
    pages = {3--5},
    volume = {200},
    url = {http://www.sciencedirect.com/science/article/pii/S1387380600003055},
    doi = {https://doi.org/10.1016/S1387-3806(00)00305-5},
    issn = {1387-3806},
    keywords = {Ion optics}
}

@article{TOLMACHEV200031,
    title = {{Simulation-based optimization of the electrodynamic ion funnel for high sensitivity electrospray ionization mass spectrometry}},
    year = {2000},
    journal = {International Journal of Mass Spectrometry},
    author = {Tolmachev, Aleksey V and Kim, Taeman and Udseth, Harold R and Smith, Richard D and Bailey, Thomas H and Futrell, Jean H},
    number = {1},
    pages = {31--47},
    volume = {203},
    url = {http://www.sciencedirect.com/science/article/pii/S1387380600002657},
    doi = {https://doi.org/10.1016/S1387-3806(00)00265-7},
    issn = {1387-3806},
    keywords = {Computer modeling, Electrospray, Ion cooling, Mass range, Simulation, Space charge}
}

@article{Agarwal2011,
    title = {{Use of proton transfer reaction time-of-flight mass spectrometry for the analytical detection of illicit and controlled prescription drugs at room temperature via direct headspace sampling}},
    year = {2011},
    journal = {Analytical and Bioanalytical Chemistry},
    author = {Agarwal, B and Petersson, F and J{\"{u}}rschik, S and Sulzer, P and Jordan, A and M{\"{a}}rk, T D and Watts, P and Mayhew, C A},
    number = {8},
    pages = {2631--2639},
    volume = {400},
    url = {https://doi.org/10.1007/s00216-011-4892-8},
    doi = {10.1007/s00216-011-4892-8},
    issn = {1618-2650}
}

@article{doi:10.1021/acs.analchem.7b05211,
    title = {{Use of Rapid Reduced Electric Field Switching to Enhance Compound Specificity for Proton Transfer Reaction-Mass Spectrometry}},
    year = {2018},
    journal = {Analytical Chemistry},
    author = {Gonz{\'{a}}lez-M{\'{e}}ndez, Ramón and Watts, Peter and Reich, D Fraser and Mullock, Stephen J and Cairns, Stuart and Hickey, Peter and Brookes, Matthew and Mayhew, Chris A},
    number = {9},
    pages = {5664--5670},
    volume = {90},
    url = {https://doi.org/10.1021/acs.analchem.7b05211},
    doi = {10.1021/acs.analchem.7b05211}
}

@article{doi:10.1029/2003JD003863,
    title = {{Validation of proton transfer reaction-mass spectrometry ({\{}PTR-MS{\}}) measurements of gas-phase organic compounds in the atmosphere during the {\{}N{\}}ew {\{}E{\}}ngland {\{}A{\}}ir {\{}Q{\}}uality {\{}S{\}}tudy ({\{}NEAQS{\}}) in 2002}},
    year = {2003},
    journal = {Journal of Geophysical Research: Atmospheres},
    author = {de Gouw, J A and Goldan, P D and Warneke, C and Kuster, W C and Roberts, J M and Marchewka, M and Bertman, S B and Pszenny, A A P and Keene, W C},
    number = {D21},
    volume = {108},
    url = {https://agupubs.onlinelibrary.wiley.com/doi/abs/10.1029/2003JD003863},
    keywords = {PTR-MS, VOC measurements, intercomparison}
}

@article{FERNANDEZDELRIO20151243,
    title = {{Volatile Biomarkers in Breath Associated With Liver Cirrhosis - Comparisons of Pre- and Post-liver Transplant Breath Samples}},
    year = {2015},
    journal = {EBioMedicine},
    author = {del R{\'{i}}o, R and O'Hara, M E and Holt, A and Pemberton, P and Shah, T and Whitehouse, T and Mayhew, C A},
    number = {9},
    pages = {1243--1250},
    volume = {2},
    url = {http://www.sciencedirect.com/science/article/pii/S2352396415300797},
    doi = {https://doi.org/10.1016/j.ebiom.2015.07.027},
    issn = {2352-3964},
    keywords = {Breath analysis, Cirrhosis, Diagnosis limonene, Liver transplant, PTR-MS, Volatile organic compounds}
}

@article{APPELHANS20051,
    title = {{{\{}SIMION{\}} ion optics simulations at atmospheric pressure}},
    year = {2005},
    journal = {International Journal of Mass Spectrometry},
    author = {Appelhans, Anthony D and Dahl, David A},
    number = {1},
    pages = {1--14},
    volume = {244},
    url = {http://www.sciencedirect.com/science/article/pii/S1387380605001089},
    doi = {https://doi.org/10.1016/j.ijms.2005.03.010},
    issn = {1387-3806},
    keywords = {IMS, Ion optics, Ion trajectory simulation, Ion transport, {\{}SIMION{\}}}
}

@article{manura2008simion,
    title = {{{\{}SIMION{\}} Version 8.0. 4}},
    year = {2008},
    journal = {Idaho National Laboratory},
    author = {Manura, D and Dahl, D A},
    volume = {2011}
}

@misc{Pcdp2018.pdf,
    title = {{pcdp feb 2018.pdf}}
}

@misc{PCDPSigned.pdf,
    title = {{PCDP July 2018 signed.pdf}}
}

@article{Muller2005PerformanceInstrument,
    title = {{Performance Assessment of a High Resolution PTR-TOFMS Instrument}},
    year = {2005},
    author = {M{\"{u}}ller, Markus and Graus, Martin and Wisthaler, Armin and Hansel, Armin},
    number = {1995},
    pages = {3845},
    volume = {619}
}

@article{Leon2011PHYSICSGR,
    title = {{PHYSICS {\&} ASTRONOMY GR}},
    year = {2011},
    author = {Leon, David Olivenza}
}

@article{PlotsFunnel,
    title = {{Plots of the RF funnel}},
    number = {eq 2},
    pages = {2--5}
}

@article{UriartePotentialTheory,
    title = {{Potential Energy Surface of Fluoroxene : Experiment and Theory}},
    author = {Uriarte, Iciar and {\'{E}}cija, Patricia and Spada, Lorenzo and Zabalza, Eneko and Lesarri, Alberto},
    keywords = {anesthetics, conformation analysis, rotational spectroscopy, structure, substitution, supersonic expansion}
}

@article{Hoang2016PotentialVietnam,
    title = {{Potential Impact of Graphic Health Warnings on Cigarette Packages in Reducing Cigarette Demand and Smoking-Related Deaths in Vietnam}},
    year = {2016},
    journal = {Asian Pacific Journal of Cancer Prevention},
    author = {Hoang, Van Minh and Le, Hong Chung and Kim, Bao Giang and Duong, Minh Duc and Nguyen, Duc Hinh and Vu, Quynh Mai and Nguyen, Manh Cuong and Pham, Duc Manh and Ha, Anh Duc and Yang, Jui-Chen},
    number = {sup1},
    pages = {85--90},
    volume = {17},
    url = {http://koreascience.or.kr/journal/view.jsp?kj=POCPA9&py=2016&vnc=v17nsup1&sp=85},
    isbn = {1513-7368},
    doi = {10.7314/APJCP.2016.17.S1.85},
    issn = {1513-7368},
    pmid = {27087188}
}

@misc{Prezi.pdf,
    title = {{prezi.pdf}}
}

@misc{Prezi.pdfb,
    title = {{prezi.pdf}}
}

@misc{Prince2017.pdf,
    title = {{Prince Albert receipt 11 october 2017.pdf}}
}

@article{Seifert2014ProbingCluster,
    title = {{Probing the CH⋅⋅⋅{$\pi$} Weak Hydrogen Bond in Anesthetic Binding: The Sevoflurane-Benzene Cluster}},
    year = {2014},
    journal = {Angewandte Chemie International Edition},
    author = {Seifert, Nathan A. and Zaleski, Daniel P. and P{\'{e}}rez, Cristóbal and Neill, Justin L. and Pate, Brooks H. and Vallejo-L{\'{o}}pez, Montserrat and Lesarri, Alberto and Cocinero, Emilio J. and Casta{\~{n}}o, Fernando and Kleiner, Isabelle},
    number = {12},
    pages = {3210--3213},
    volume = {53},
    url = {http://doi.wiley.com/10.1002/anie.201309848},
    doi = {10.1002/anie.201309848},
    issn = {14337851}
}

@book{EllisProtonSpectrometry,
    title = {{Proton Transfer Reaction Mass Spectrometry}},
    author = {Ellis, Andrew M and Mayhew, Christopher A},
    isbn = {9781405176682}
}

@article{Hansel2004ProtonForeword,
    title = {{Proton transfer reaction mass spectrometry - Foreword}},
    year = {2004},
    journal = {International Journal of Mass Spectrometry},
    author = {Hansel, A and Mark, T D},
    number = {2-3},
    pages = {VII-VIII},
    volume = {239},
    isbn = {9781405176682}
}

@article{Crespo2012ProtonSciences,
    title = {{Proton Transfer Reaction Mass Spectrometry : Applications in the Life Sciences}},
    year = {2012},
    author = {Crespo, Elena and Steeghs, Marco M L and Cristescu, Simona M and Harren, Frans J M},
    pages = {1257--1281}
}

@book{Ellis2014ProtonApplications,
    title = {{Proton transfer reaction mass spectrometry : principles and applications}},
    year = {2014},
    booktitle = {Journal of Chemical Reviews},
    author = {Ellis, Andrew M and Mayhew, Christopher A.},
    pages = {1963p},
    isbn = {ISBN 978-1-4051-7668-2},
    doi = {10.1021/cr800364q}
}

@article{Sulzer2012ProtonTrinitrotoluene,
    title = {{Proton transfer reaction mass spectrometry and the unambiguous real-time detection of 2,4,6 trinitrotoluene}},
    year = {2012},
    journal = {Analytical Chemistry},
    author = {Sulzer, Philipp and Petersson, Fredrik and Agarwal, Bishu and Becker, Kurt H. and J??rschik, Simone and M??rk, Tilmann D. and Perry, David and Watts, Peter and Mayhew, Chris A.},
    number = {9},
    pages = {4161--4166},
    volume = {84},
    isbn = {1520-6882 (Electronic){\textbackslash}r0003-2700 (Linking)},
    doi = {10.1021/ac3004456},
    issn = {00032700},
    pmid = {22482459}
}

@article{Hansel1995ProtonLevel,
    title = {{Proton transfer reaction mass spectrometry: on-line trace gas analysis at the ppb level}},
    year = {1995},
    journal = {International Journal of Mass Spectrometry and Ion Processes},
    author = {Hansel, A. and Jordan, A. and Holzinger, R. and Prazeller, P. and Vogel, W. and Lindinger, W.},
    number = {C},
    pages = {609--619},
    volume = {149-150},
    isbn = {0168-1176},
    doi = {10.1016/0168-1176(95)04294-U},
    issn = {01681176},
    keywords = {Breath gas analysis, Proton transfer reaction mass spectrometry (PTR-MS, Trace components in air}
}

@article{Leon2011ProtonDrugs,
    title = {{Proton Transfer Reaction – Mass Spectrometry and its Applications to Homeland Security : detection of Illicit Drugs}},
    year = {2011},
    author = {Le{\'{o}}n, David Olivenza and Watts, Peter and Reich, Fraser and Mayhew, Chris},
    pages = {2639},
    volume = {400}
}

@article{Blake2009Proton-transferSpectrometry.,
    title = {{Proton-transfer reaction mass spectrometry.}},
    year = {2009},
    journal = {Chemical Reviews},
    author = {Blake, Robert S. and Monks, Paul S. and Ellis, Andrew M.},
    number = {0},
    pages = {861--896},
    volume = {109},
    url = {http://www.ncbi.nlm.nih.gov/pubmed/19215144},
    doi = {10.1021/cr800364q},
    issn = {1520-6890},
    pmid = {19215144}
}

@article{Hansel1995Proton-TransferLevel,
    title = {{Proton-Transfer Reaction Mass-Spectrometry - Online Trace Gas- Analysis At the Ppb Level}},
    year = {1995},
    journal = {International Journal of Mass Spectrometry and Ion Processes},
    author = {Hansel, A and Jordan, A and Holzinger, R and Prazeller, P and VOGEL, W and Lindinger, W},
    number = {95},
    pages = {609--619},
    volume = {150},
    isbn = {0168-1176},
    keywords = {breath gas analysis}
}

@article{Hansel1995Proton-TransferLevelb,
    title = {{Proton-Transfer Reaction Mass-Spectrometry - Online Trace Gas- Analysis At the Ppb Level}},
    year = {1995},
    journal = {International Journal of Mass Spectrometry and Ion Processes},
    author = {Hansel, A and Jordan, A and Holzinger, R and Prazeller, P and VOGEL, W and Lindinger, W},
    number = {95},
    pages = {609--619},
    volume = {150},
    isbn = {0168-1176},
    doi = {10.1016/0168-1176(95)04294-U},
    issn = {01681176},
    keywords = {breath gas analysis}
}

@article{Hansel1999Proton-transfer-reactionPptv,
    title = {{Proton-transfer-reaction mass spectrometry (PTR-MS): on-line monitoring of volatile organic compounds at volume mixing ratios of a few pptv}},
    year = {1999},
    journal = {Plasma Sources Science Technology},
    author = {Hansel, A. and Jordan, A. and Warneke, C. and Holzinger, R. and Wisthaler, A. and Lindinger, W.},
    pages = {332--336},
    volume = {8},
    url = {http://adsabs.harvard.edu/abs/1999PSST....8..332H\nhttp://iopscience.iop.org/0963-0252/8/2/314/pdf/0963-0252_8_2_314.pdf},
    isbn = {0963-0252},
    doi = {10.1088/0963-0252/8/2/314},
    issn = {0963-0252}
}

@article{PTRV,
    title = {{PTR Entry Voltage (V)}},
    number = {V},
    pages = {400}
}

@article{PTRVb,
    title = {{PTR Entry Voltage (V)}},
    number = {4},
    pages = {330},
    volume = {12}
}

@article{PTRVc,
    title = {{PTR Entry Voltage (V)}},
    number = {V},
    pages = {304},
    volume = {13}
}

@article{PTRVd,
    title = {{PTR Entry voltage (V)}},
    number = {V},
    pages = {304},
    volume = {12}
}

@article{PTRVe,
    title = {{PTR Entry Voltage (V)}},
    number = {V},
    pages = {300}
}

@article{PTRVf,
    title = {{PTR Entry Voltage (V)}},
    number = {V},
    pages = {400}
}

@article{PTRVg,
    title = {{PTR Entry Voltage (V)}},
    number = {V},
    pages = {400}
}

@article{Mullock2017PTRRatio,
    title = {{PTR fragmentation branching ratio}},
    year = {2017},
    author = {Mullock, S J},
    number = {January}
}

@article{PTRManual,
    title = {{PTR Monitor Software Manual}}
}

@article{ParkPTRTOF-MS,
    title = {{PTR TOF-MS}},
    author = {Park, Cambridgeshire Business and Cb, Cambridgeshire},
    number = {0},
    volume = {44}
}

@article{PTRTOF-MS,
    title = {{PTR TOF-MS}},
    number = {0},
    volume = {44}
}

@article{ParkPTRTOF-MSb,
    title = {{PTR TOF-MS}},
    author = {Park, Cambridgeshire Business and Cb, Cambridgeshire},
    number = {0},
    volume = {44}
}

@article{Olivenza-leon2016PTR-MSPTR-TOF-MS,
    title = {{PTR-MS INSTRUMENT DRIFT TUBE PTR-TOF-MS}},
    year = {2016},
    author = {Olivenza-le{\'{o}}n, David and Reich, Fraser and Mayhew, Chris A},
    number = {674911},
    pages = {674911}
}

@article{Olivenza-leon2016PTR-MSPTR-TOF-MSb,
    title = {{PTR-MS INSTRUMENT DRIFT TUBE PTR-TOF-MS}},
    year = {2016},
    author = {Olivenza-le{\'{o}}n, David and Reich, Fraser and Mayhew, Chris A},
    number = {674911},
    pages = {674911}
}

@article{Biasioli2011PTR-MSTechnology,
    title = {{PTR-MS monitoring of VOCs and BVOCs in food science and technology}},
    year = {2011},
    journal = {TrAC - Trends in Analytical Chemistry},
    author = {Biasioli, Franco and Gasperi, Flavia and Yeretzian, Chahan and M{\"{a}}rk, Tilmann D.},
    number = {7},
    pages = {968--977},
    volume = {30},
    isbn = {0165-9936},
    doi = {10.1016/j.trac.2011.03.009},
    issn = {01659936},
    keywords = {Aroma, BVOC, Biogenic volatile organic compound, Direct-injection mass spectrometry, Fingerprinting mass spectrometry, Flavor, PTR-MS, Proton transfer reaction mass spectrometry, VOC, Volatile organic compound}
}

@article{Biasioli2011PTR-MSTechnologyb,
    title = {{PTR-MS monitoring of VOCs and BVOCs in food science and technology}},
    year = {2011},
    journal = {TrAC - Trends in Analytical Chemistry},
    author = {Biasioli, Franco and Gasperi, Flavia and Yeretzian, Chahan and M{\"{a}}rk, Tilmann D.},
    number = {7},
    pages = {968--977},
    volume = {30},
    isbn = {0165-9936},
    doi = {10.1016/j.trac.2011.03.009},
    issn = {01659936},
    keywords = {Aroma, BVOC, Biogenic volatile organic compound, Direct-injection mass spectrometry, Fingerprinting mass spectrometry, Flavor, PTR-MS, Proton transfer reaction mass spectrometry, VOC, Volatile organic compound}
}

@misc{PTR-MSManual.pdf,
    title = {{PTR-MS Trace Analyzer - User Manual.pdf}}
}

@article{2016PTR-MSViewer,
    title = {{PTR-MS Viewer}},
    year = {2016}
}

@misc{PTR-MSManual.pdfb,
    title = {{PTR-MS Viewer 3.2 Manual.pdf}}
}

@article{MullerPTR-TOFV4.03,
    title = {{PTR-TOF Data Analyzer V4.03}},
    author = {M{\"{u}}ller, Markus},
    pages = {1--9}
}

@article{Breitenlechner2017PTR3:Atmosphere,
    title = {{PTR3: An Instrument for Studying the Lifecycle of Reactive Organic Carbon in the Atmosphere}},
    year = {2017},
    journal = {Analytical Chemistry},
    author = {Breitenlechner, Martin and Fischer, Lukas and Hainer, Markus and Heinritzi, Martin and Curtius, Joachim and Hansel, Armin},
    number = {11},
    pages = {5824--5831},
    volume = {89},
    doi = {10.1021/acs.analchem.6b05110},
    issn = {15206882},
    pmid = {28436218}
}

@article{Loonker2000PureApplied,
    title = {{Pure and applied}},
    year = {2000},
    journal = {IEE Review},
    author = {Loonker, Deshna and Banerji, P K},
    number = {2},
    pages = {21},
    volume = {46},
    isbn = {2801062014},
    doi = {10.1049/ir:20000203},
    issn = {09535683},
    keywords = {26a33, 34a99, 35a22, 44a99, 46f10, ams subject classification, article information, distribution spaces, fractional derivatives and integrals, fractional differential equation, tarig transform}
}

@misc{QNReturn.pdf,
    title = {{QN 300337337 Conf 1 sigma aldrich drugs return.pdf}}
}

@misc{QNReturn.pdfb,
    title = {{QN 300337337 Conf 1 sigma aldrich drugs return.pdf}}
}

@article{R,
    title = {{R e a g e n t io n in te n s ity ( c p s ) D rift V o lta g e ( V )}},
    pages = {5}
}

@article{Rb,
    title = {{R e a g e n t io n in te n s ity ( c p s ) D rift V o lta g e ( V )}},
    pages = {5}
}

@article{Rc,
    title = {{R e a g e n t io n in te n s ity ( c p s ) D rift V o lta g e ( V )}},
    pages = {5}
}

@article{GroupRadioSecurity,
    title = {{Radio Frequency Ion Funnel PTR-MS and applications to Homeland Security}},
    author = {Group, Molecular Physics}
}

@misc{RailcardApplication.pdf,
    title = {{railcard application.pdf}}
}

@article{Fletcher2016RapidChromatography,
    title = {{Rapid identification of seized controlled substances and related compounds by tandem mass spectrometry without chromatography}},
    year = {2016},
    journal = {Rapid Communications in Mass Spectrometry},
    author = {Fletcher, Carl M. and Sleeman, Richard},
    number = {7},
    pages = {908--916},
    volume = {30},
    doi = {10.1002/rcm.7514},
    issn = {10970231}
}

@article{Ratio,
    title = {{Ratio of the current on exit plate of the two different modes at different pressures in the reactor PTR Entry Voltage ( V )}},
    number = {V},
    pages = {400}
}

@article{Gioumousis1958ReactionsTheory,
    title = {{Reactions of gaseous molecule ions with gaseous molecules. V. theory}},
    year = {1958},
    journal = {The Journal of Chemical Physics},
    author = {Gioumousis, George and Stevenson, D. P.},
    number = {2},
    pages = {294--299},
    volume = {29},
    doi = {10.1063/1.1744477},
    issn = {00219606}
}

@article{Sannes1996RearrangementPhase,
    title = {{Rearrangement and Fragmentation Mechanisms of Vibrationally Activated Enolate Ions in the Gas Phase}},
    year = {1996},
    author = {Sannes, Kristin A and Brauman, John I},
    number = {95},
    pages = {7471--7479},
    volume = {3654}
}

@article{Adhia2013ReceiptKeithrackyard.com,
    title = {{Receipt for your payment to keith@rackyard.com}},
    year = {2013},
    author = {Adhia, Hello Yash},
    pages = {2--3},
    isbn = {3236467460},
    issn = {3236467460}
}

@misc{ReceiptsMidterm.pdf,
    title = {{receipts midterm.pdf}}
}

@article{Form2012Registration:,
    title = {{Registration Summary :}},
    year = {2012},
    author = {Form, Registration},
    pages = {1--2}
}

@article{Relative,
    title = {{Relative abundance ({\%})}},
    pages = {109}
}

@article{Relativeb,
    title = {{Relative abundance ({\%})}},
    pages = {109},
    volume = {04}
}

@article{Relativec,
    title = {{Relative abundance ({\%})}},
    pages = {109},
    volume = {03}
}

@article{Relatived,
    title = {{Relative abundance ({\%})}},
    pages = {109},
    volume = {03}
}

@article{Relativee,
    title = {{Relative abundance ({\%})}},
    pages = {109}
}

@article{Relativef,
    title = {{Relative abundance ({\%})}},
    pages = {109}
}

@article{Relativeg,
    title = {{Relative abundance ({\%})}},
    pages = {109}
}

@article{Relativeh,
    title = {{Relative abundance ({\%})}},
    pages = {109}
}

@article{Relativei,
    title = {{Relative abundance ({\%})}},
    pages = {109}
}

@article{Relativej,
    title = {{Relative abundance ({\%})}},
    pages = {109}
}

@article{DcRelative,
    title = {{Relative abundance ({\%}) E / N ( Td )}},
    author = {Dc, Mdma},
    pages = {300}
}

@article{Relativek,
    title = {{Relative abundance ({\%}) E / N ( Td ) 3-pentanone ( H 3 O + ) Relative abundance ({\%}) E / N ( Td )}},
    pages = {4--10},
    volume = {06}
}

@article{Relativel,
    title = {{Relative abundance ({\%}) E / N ( Td ) 3-pentanone ( H 3 O + ) Relative abundance ({\%}) E / N ( Td )}},
    pages = {4--10},
    volume = {06}
}

@article{Relativem,
    title = {{Relative abundance ({\%}) E / N ( Td ) Benzoylecgonine RF Relative abundance ({\%}) PTR Entry Voltage ( V )}}
}

@article{Relativen,
    title = {{Relative abundance ({\%}) E / N ( Td ) Relative abundance ({\%}) E / N ( Td )}},
    volume = {03}
}

@article{Relativeo,
    title = {{Relative abundance ({\%}) E / N ( Td ) Relative abundance ({\%}) E / N ( Td )}},
    volume = {03}
}

@article{Relativep,
    title = {{Relative abundance ({\%}) PTR Entry Voltage ( V )}},
    number = {V},
    pages = {180}
}

@article{RfRelative,
    title = {{Relative abundance ({\%}) PTR Entry Voltage ( V )}},
    author = {Rf, C H O},
    number = {V},
    pages = {300}
}

@article{Relativeq,
    title = {{Relative abundance ({\%}) PTR Entry voltage ( V )}},
    number = {V},
    pages = {304},
    volume = {07}
}

@article{Relativer,
    title = {{Relative abundance ({\%}) PTR Entry Voltage ( V )}},
    number = {V},
    pages = {304},
    volume = {07}
}

@article{Relatives,
    title = {{Relative abundance ({\%}) PTR Entry Voltage ( V )}},
    number = {5},
    pages = {180}
}

@article{Relativet,
    title = {{Relative abundance ({\%}) PTR Entry Voltage ( V )}},
    number = {2},
    pages = {300},
    volume = {08}
}

@article{Relativeu,
    title = {{Relative abundance ({\%}) PTR Entry Voltage ( V )}},
    number = {V},
    pages = {300}
}

@article{Relativev,
    title = {{Relative abundance [{\%}] E / N [ Td ] 2-butanone down H3O + Humid ( 21 ) Relative abundance [{\%}] E / N [ Td ]}},
    volume = {01837}
}

@article{StorageRequestExpenses,
    title = {{Request for Payment of Non Staff Expenses}},
    author = {Storage, Hydrogen},
    pages = {7--8}
}

@article{StorageRequestExpensesb,
    title = {{Request for Payment of Non Staff Expenses}},
    author = {Storage, Hydrogen},
    pages = {7--8}
}

@article{StorageRequestExpensesc,
    title = {{Request for Payment of Non Staff Expenses}},
    author = {Storage, Hydrogen},
    pages = {7--8}
}

@article{StorageRequestExpensesd,
    title = {{Request for Payment of Non Staff Expenses}},
    author = {Storage, Hydrogen},
    pages = {7--8}
}

@article{StorageRequestExpensese,
    title = {{Request for Payment of Non Staff Expenses}},
    author = {Storage, Hydrogen},
    pages = {7--8}
}

@article{StorageRequestExpensesf,
    title = {{Request for Payment of Non Staff Expenses}},
    author = {Storage, Hydrogen},
    pages = {7--8}
}

@article{StorageRequestExpensesg,
    title = {{Request for Payment of Non Staff Expenses}},
    author = {Storage, Hydrogen},
    pages = {7--8}
}

@article{StorageRequestExpensesh,
    title = {{Request for Payment of Non Staff Expenses}},
    author = {Storage, Hydrogen},
    pages = {7--8}
}

@article{CentreRequestExpenses,
    title = {{Request for Payment of Staff Expenses}},
    journal = {Notes},
    author = {Centre, Budget and Order, Purchase and Ref, Finance Office and Claimed, Total},
    pages = {7--8}
}

@article{CentreRequestExpensesb,
    title = {{Request for Payment of Staff Expenses}},
    journal = {Notes},
    author = {Centre, Budget and Order, Purchase and Ref, Finance Office and Claimed, Total},
    pages = {7--8}
}

@article{Verbeck2004ResolutionMobility,
    title = {{Resolution equations for high-field ion mobility}},
    year = {2004},
    journal = {Journal of the American Society for Mass Spectrometry},
    author = {Verbeck, Guido F. and Ruotolo, Brandon T. and Gillig, Kent J. and Russell, David H.},
    number = {9},
    pages = {1320--1324},
    volume = {15},
    doi = {10.1016/j.jasms.2004.06.005},
    issn = {10440305},
    pmid = {15337512}
}

@misc{RevercombMason.pdf,
    title = {{Revercomb and Mason.pdf}}
}

@article{Mullock2011RFModelling,
    title = {{RF funnel - simple modelling}},
    year = {2011},
    author = {Mullock, S J}
}

@article{RF,
    title = {{RF mode Relative abundance ({\%}) PTR Entry Voltage ( V )}},
    number = {V},
    pages = {304},
    volume = {13}
}

@article{RFb,
    title = {{RF mode Relative abundance ({\%}) PTR Entry Voltage ( V )}},
    number = {V},
    pages = {370}
}

@misc{RFV2,
    title = {{RF Paper 29-06-2016 RAMON CAM V2}}
}

@misc{RFV2b,
    title = {{RF Paper 29-06-2016 RAMON CAM V2}}
}

@article{Olivenza-leon2016RFIF-PTR-ToF-MS,
    title = {{RFIF-PTR-ToF-MS}},
    year = {2016},
    author = {Olivenza-le{\'{o}}n, David and Watts, Peter and Reich, Fraser and Mayhew, Chris A and Park, Cambridgeshire Business},
    number = {674911},
    pages = {674911},
    volume = {400}
}

@article{Cocinero2012RibosePhase,
    title = {{Ribose Found in the Gas Phase}},
    year = {2012},
    journal = {Angewandte Chemie International Edition},
    author = {Cocinero, Emilio J. and Lesarri, Alberto and {\'{E}}cija, Patricia and Basterretxea, Francisco J. and Grabow, Jens-Uwe and Fern{\'{a}}ndez, José A. and Casta{\~{n}}o, Fernando},
    number = {13},
    pages = {3119--3124},
    volume = {51},
    url = {http://doi.wiley.com/10.1002/anie.201107973},
    doi = {10.1002/anie.201107973},
    issn = {14337851}
}

@article{Varela2013RotationalParacetamol,
    title = {{Rotational Spectrum of Paracetamol}},
    year = {2013},
    author = {Varela, Marcelino and Cabezas, Carlos and Lo, Juan C and Alonso, Jose Luis},
    pages = {8--11}
}

@article{Obenchain2010RotationalSpectrometer,
    title = {{Rotational spectrum of three conformers of 3 , 3-difluoropentane : Construction of a 480 MHz bandwidth chirped-pulse Fourier-transform microwave spectrometer}},
    year = {2010},
    journal = {Journal of Molecular Spectroscopy},
    author = {Obenchain, Daniel A and Elliott, Ashley A and Steber, Amanda L and Peebles, Rebecca A and Peebles, Sean A and Wurrey, Charles J and Guirgis, Gamil A},
    number = {1},
    pages = {35--40},
    volume = {261},
    publisher = {Elsevier Inc.},
    url = {http://dx.doi.org/10.1016/j.jms.2010.03.002},
    doi = {10.1016/j.jms.2010.03.002},
    issn = {0022-2852}
}

@article{Itinerary2017RyanairItinerary,
    title = {{Ryanair Travel Itinerary}},
    year = {2017},
    author = {Itinerary, Ryanair Travel},
    pages = {2017}
}

@article{Smith1999SelectedChloroalkenes,
    title = {{Selected ion flow tube studies of the reactions of H 3 O ϩ , NO ϩ , and O ϩ 2 with some chloroalkanes and chloroalkenes}},
    year = {1999},
    author = {Smith, David},
    pages = {175--181},
    volume = {184},
    keywords = {charge transfer, chlorocarbons, ion, molecule association, molecule reactions, proton transfer, selected ion flow tube, sift}
}

@article{Wang2002SelectedSevoflurane,
    title = {{Selected ion flow tube studies of the reactions of H\textsubscript{3}O\textsuperscript{+}, NO\textsuperscript{+}and O\textsubscript{2}\textsuperscript{+} with the anaesthetic gases halothane, isoflurane and sevoflurane}},
    year = {2002},
    journal = {Rapid Communications in Mass Spectrometry},
    author = {Wang, Tianshu and Smith, David and {\v{S}}pan{\v{e}}l, Patrik},
    number = {19},
    pages = {1860--1870},
    volume = {16},
    isbn = {0951-4198 (Print){\textbackslash}r0951-4198 (Linking)},
    doi = {10.1002/rcm.804},
    issn = {09514198},
    pmid = {12271451}
}

@article{Spesyvyi2015SelectedBreath,
    title = {{Selected Ion Flow-Drift Tube Mass Spectrometry: Quantification of Volatile Compounds in Air and Breath}},
    year = {2015},
    journal = {Analytical Chemistry},
    author = {Spesyvyi, Anatolii and Smith, David and {\v{S}}pan{\v{e}}l, Patrik},
    number = {24},
    pages = {12151--12160},
    volume = {87},
    doi = {10.1021/acs.analchem.5b02994},
    issn = {15206882}
}

@article{Lanza2015SelectiveSubstances,
    title = {{Selective reagent ionisation-time of flight-mass spectrometry: A rapid technology for the novel analysis of blends of new psychoactive substances}},
    year = {2015},
    journal = {Journal of Mass Spectrometry},
    author = {Lanza, Matteo and Acton, W. Joe and Sulzer, Philipp and Breiev, Kostiantyn and J{\"{u}}rschik, Simone and Jordan, Alfons and Hartungen, Eugen and Hanel, Gernot and M{\"{a}}rk, Lukas and M{\"{a}}rk, Tilmann D. and Mayhew, Chris A.},
    number = {2},
    pages = {427--431},
    volume = {50},
    doi = {10.1002/jms.3514},
    issn = {10969888},
    pmid = {25800025},
    keywords = {PTR-MS, SRI-ToF-MS, drug detection, new psychoactive substances, synthacaine}
}

@article{Ewing2018SelectiveLevels,
    title = {{Selective Reagent Ions for the Direct Vapor Detection of Organophosphorus Compounds below Parts-per-Trillion Levels}},
    year = {2018},
    journal = {Analytical Chemistry},
    author = {Ewing, Robert G. and Valenzuela, Blandina R.},
    number = {12},
    pages = {7583--7590},
    volume = {90},
    publisher = {American Chemical Society},
    doi = {10.1021/acs.analchem.8b01265},
    issn = {15206882}
}

@book{Times2012SFIm,
    title = {{SF oru pk Co n ten t C op yri gh t {\textcopyright} dT im co m CS SF oru Co n ten t C op yri gh t {\textcopyright} jW orl dT im}},
    year = {2012},
    author = {Times, Jahangir World},
    isbn = {9780854044337}
}

@book{Times2012SFImb,
    title = {{SF oru pk Co n ten t C op yri gh t {\textcopyright} dT im co m CS SF oru Co n ten t C op yri gh t {\textcopyright} jW orl dT im}},
    year = {2012},
    author = {Times, Jahangir World},
    isbn = {9780854044337}
}

@article{Spanel1997SIFTKetones,
    title = {{SIFT studies of the reactions of H30 + , NO + and 0 ; with a series of aldehydes and ketones}},
    year = {1997},
    journal = {International Journal of Mass Spectrometry and Ion Processes},
    author = {Spanel, Patrick and Ji, Yufeng and Smith, David},
    pages = {25--37},
    volume = {165/166},
    doi = {10.1016/S0168-1176(97)00166-3},
    issn = {01681176}
}

@article{Prasad2009SimulationSDS,
    title = {{Simulation of ion motion in FAIMS through combined use of SIMION and modified SDS}},
    year = {2009},
    journal = {Analytical Chemistry},
    author = {Prasad, Satendra and Tang, Keqi and Manura, David and Papanastasiou, Dimitris and Smith, Richard D.},
    number = {21},
    pages = {8749--8757},
    volume = {81},
    isbn = {1520-6882 (Electronic){\textbackslash}r0003-2700 (Linking)},
    doi = {10.1021/ac900880v},
    issn = {00032700},
    pmid = {19785446},
    arxivId = {NIHMS150003}
}

@article{Tammet1995SizeIons,
    title = {{Size and mobility of nanometer particles, clusters and ions}},
    year = {1995},
    journal = {Journal of Aerosol Science},
    author = {Tammet, H.},
    number = {3},
    pages = {459--475},
    volume = {26},
    isbn = {0021-8502},
    doi = {10.1016/0021-8502(94)00121-E},
    issn = {00218502}
}

@article{Beynon1959SomeCompounds,
    title = {{Some specific molecular rearrangements in the mass spectra of organic compounds}},
    year = {1959},
    journal = {Journal of Physical Chemistry},
    author = {Beynon, J. H. and Lester, G. R. and Williams, A. E.},
    number = {11},
    pages = {1861--1868},
    volume = {63},
    isbn = {0022-3654},
    doi = {10.1021/j150581a018},
    issn = {00223654}
}

@article{Peterman2001StudyBenzoate,
    title = {{Study of Competing Reactions: Direct Dissociation vs. Isomerization Reactions of the C 8 H 8 O 2.+ Ion Formed from Methyl Benzoate}},
    year = {2001},
    author = {Peterman, Scott M and Iv, Guido F Verbeck and Russell, David H},
    number = {V},
    pages = {2--4}
}

@article{Peterman2001StudyBenzoateb,
    title = {{Study of Competing Reactions: Direct Dissociation vs. Isomerization Reactions of the C 8 H 8 O 2.+ Ion Formed from Methyl Benzoate}},
    year = {2001},
    author = {Peterman, Scott M and Iv, Guido F Verbeck and Russell, David H},
    number = {V},
    pages = {2--4},
    volume = {105}
}

@article{ParkSystemSpectrometer,
    title = {{System Overview PTR-TOF Mass Spectrometer}},
    author = {Park, Cambridgeshire Business and Cb, Cambridgeshire},
    number = {0},
    volume = {44}
}

@article{N2016SppingCart,
    title = {{Șħǿppįňģ {\v{C}}ǻ{\v{r}}ť}},
    year = {2016},
    author = {Ňǿ, Pǻřť},
    pages = {2--3}
}

@article{TemperatureS,
    title = {{Temperature study of HMTD . 130Td DC mode ( newest PTR-ToF-MS instrument ). 120s desorption per measurement , background subtracted . Reactor and inlet line kept at 100 {${}^\circ$} C ( solid line ) or 150 {${}^\circ$} C ( dashed line ). 100ng per measurement Intensity ( c / s}},
    pages = {1600}
}

@article{Temperature,
    title = {{Temperature study of HMTD . 130Td DC mode ( newest PTR-ToF-MS instrument ). 120s desorption per measurement , background subtracted . Reactor and inlet line kept at 100 {${}^\circ$} C ( solid line ) or 150 {${}^\circ$} C ( dashed line ). 100ng per measurement TDU Temperature (}},
    pages = {200}
}

@article{Hotel2017ThanksSummary,
    title = {{Thanks ! Price summary}},
    year = {2017},
    author = {Hotel, Tradition},
    pages = {5--9},
    isbn = {7275921863},
    doi = {10.6061/clinics/2012(06)01}
}

@article{Jeanville2003TheIonization,
    title = {{The effect of liquid chromatography eluents and additives on the positive ion responses of cocaine, benzoylecgonine, and ecgonine methyl ester using electrospray ionization}},
    year = {2003},
    journal = {International Journal of Mass Spectrometry},
    author = {Jeanville, Patrick M. and Estap{\'{e}}, Estela S. and Torres-Negr{\'{o}}n De Jeanville, Ivette},
    number = {2},
    pages = {247--258},
    volume = {227},
    doi = {10.1016/S1387-3806(03)00142-8},
    issn = {13873806},
    keywords = {API/MS, Benzoylecgonine, Cocaine, Ecgonine methyl ester, LC}
}

@article{Pickett1991TheInteractions,
    title = {{The Fitting and Prediction of Vibration-Rotation Spectra with Spin Interactions}},
    year = {1991},
    author = {Pickett, M},
    pages = {371--377},
    volume = {377}
}

@article{Fort2013TheSpectrometry,
    title = {{The periodic focusing ion funnel: Theory, design, and experimental characterization by high-resolution ion mobility-mass spectrometry}},
    year = {2013},
    journal = {Analytical Chemistry},
    author = {Fort, Kyle L. and Silveira, Joshua A. and Russell, David H.},
    number = {20},
    pages = {9543--9548},
    volume = {85},
    isbn = {0003-2700},
    doi = {10.1021/ac401629b},
    issn = {00032700},
    pmid = {24044574}
}

@article{Levy1981TheGases.,
    title = {{The spectroscopy of very cold gases.}},
    year = {1981},
    journal = {Science (New York, N.Y.)},
    author = {Levy, D H},
    number = {4518},
    month = {10},
    pages = {263--9},
    volume = {214},
    url = {http://www.sciencemag.org/content/214/4518/263.short\nhttp://www.ncbi.nlm.nih.gov/pubmed/17829768 http://www.sciencemag.org/cgi/doi/10.1126/science.214.4518.263 http://www.ncbi.nlm.nih.gov/pubmed/17829768},
    doi = {10.1126/science.214.4518.263},
    issn = {0036-8075},
    pmid = {17829768}
}

@article{Page2006TheoreticalFunnel,
    title = {{Theoretical and experimental evaluation of the low m/z transmission of an electrodynamic ion funnel}},
    year = {2006},
    journal = {Journal of the American Society for Mass Spectrometry},
    author = {Page, Jason S. and Tolmachev, Aleksey V. and Tang, Keqi and Smith, Richard D.},
    number = {4},
    pages = {586--592},
    volume = {17},
    isbn = {1044-0305 (Print)
1044-0305 (Linking)},
    doi = {10.1016/j.jasms.2005.12.013},
    issn = {10440305},
    pmid = {16503158}
}

@article{TheoreticalTemperature,
    title = {{Theoretical treatment of RF excitation of ions and effective temperature}},
    number = {5},
    volume = {273}
}

@article{Olivenza-Leon2015ThermodynamicPlant,
    title = {{Thermodynamic modeling of a hybrid solar gas-turbine power plant}},
    year = {2015},
    journal = {Energy Conversion and Management},
    author = {Olivenza-Le{\'{o}}n, D. and Medina, a. and Calvo Hern{\'{a}}ndez, a.},
    pages = {435--447},
    volume = {93},
    url = {http://linkinghub.elsevier.com/retrieve/pii/S019689041500031X},
    doi = {10.1016/j.enconman.2015.01.027},
    issn = {01968904},
    keywords = {thermosolar gas-turbines}
}

@article{Olivenza-Leon2015ThermodynamicPlantb,
    title = {{Thermodynamic modeling of a hybrid solar gas-turbine power plant}},
    year = {2015},
    journal = {Energy Conversion and Management},
    author = {Olivenza-Le{\'{o}}n, D. and Medina, A. and Calvo Hern{\'{a}}ndez, A.},
    number = {},
    volume = {93},
    doi = {10.1016/j.enconman.2015.01.027},
    issn = {01968904},
    keywords = {Global plant performance, Hybrid plants, Thermodynamic simulation, Thermosolar gas-turbines}
}

@article{Is1996Time-of-FlightScience,
    title = {{Time-of-Flight Mass Spectrometry : and Molecular Science}},
    year = {1996},
    journal = {October},
    author = {Is, Analys},
    number = {October},
    pages = {139--162},
    volume = {15},
    doi = {10.1002/(SICI)1098-2787(1996)15:3<139::AID-MAS1>3.0.CO;2-J},
    issn = {0277-7037}
}

@article{Sarkar2009ToxicityIron,
    title = {{Toxicity and recovery studies of two ayurvedic preparations of iron}},
    year = {2009},
    journal = {Indian Journal of Experimental Biology},
    author = {Sarkar, P. K. and Prajapati, P. K. and Shukla, V. J. and Ravishankar, B. and Choudhary, A. K.},
    number = {12},
    pages = {987--992},
    volume = {47},
    isbn = {0019-5189},
    doi = {10.1002/mas},
    issn = {00195189},
    pmid = {20329703},
    arxivId = {NIHMS150003},
    keywords = {Iron, Lauha Bhasma, Mandura Bhasma, Recovery, Toxicity}
}

@article{Sarkar2009ToxicityIronb,
    title = {{Toxicity and recovery studies of two ayurvedic preparations of iron}},
    year = {2009},
    journal = {Indian Journal of Experimental Biology},
    author = {Sarkar, P. K. and Prajapati, P. K. and Shukla, V. J. and Ravishankar, B. and Choudhary, A. K.},
    number = {12},
    pages = {987--992},
    volume = {47},
    isbn = {0019-5189},
    doi = {10.1002/mas},
    issn = {00195189},
    pmid = {20329703},
    keywords = {Iron, Lauha Bhasma, Mandura Bhasma, Recovery, Toxicity}
}

@article{Sarkar2009ToxicityIronc,
    title = {{Toxicity and recovery studies of two ayurvedic preparations of iron}},
    year = {2009},
    journal = {Indian Journal of Experimental Biology},
    author = {Sarkar, P. K. and Prajapati, P. K. and Shukla, V. J. and Ravishankar, B. and Choudhary, A. K.},
    number = {12},
    pages = {987--992},
    volume = {47},
    isbn = {0019-5189},
    doi = {10.1002/mas},
    issn = {00195189},
    pmid = {20329703},
    arxivId = {NIHMS150003},
    keywords = {Iron, Lauha Bhasma, Mandura Bhasma, Recovery, Toxicity}
}

@article{Danner2012TracingPTR-MS,
    title = {{Tracing Hidden Herbivores: Time-Resolved Non-Invasive Analysis of Belowground Volatiles by Proton-Transfer-Reaction Mass Spectrometry (PTR-MS)}},
    year = {2012},
    journal = {Journal of Chemical Ecology},
    author = {Danner, Holger and Samudrala, Devasena and Cristescu, Simona M. and van Dam, Nicole M.},
    number = {6},
    pages = {785--794},
    volume = {38},
    isbn = {0098-0331},
    doi = {10.1007/s10886-012-0129-3},
    issn = {00980331},
    pmid = {22592334},
    keywords = {Chemical ecology, Induced indirect defense, Mass spectrometry, Root herbivory, Trace gas analysis, Volatile organic compound (VOC)}
}

@article{Danner2012TracingPTR-MSb,
    title = {{Tracing Hidden Herbivores: Time-Resolved Non-Invasive Analysis of Belowground Volatiles by Proton-Transfer-Reaction Mass Spectrometry (PTR-MS)}},
    year = {2012},
    journal = {Journal of Chemical Ecology},
    author = {Danner, Holger and Samudrala, Devasena and Cristescu, Simona M. and van Dam, Nicole M.},
    number = {6},
    pages = {785--794},
    volume = {38},
    isbn = {0098-0331},
    doi = {10.1007/s10886-012-0129-3},
    issn = {00980331},
    pmid = {22592334},
    keywords = {Chemical ecology, Induced indirect defense, Mass spectrometry, Root herbivory, Trace gas analysis, Volatile organic compound (VOC)}
}

@misc{Train2017.pdf,
    title = {{train ely 14 march 2017.pdf}}
}

@article{Transmission,
    title = {{Transmission at 100 {${}^\circ$} C in DC mode ( solid line ) vs RF mode ( dashed line ) as a function of the PTR Entry Voltage for different pressures in the reactor ( keeping constant the pressure difference across the SD region : Phc - Preactor = 0 . 5 mbar ) I ( }},
    number = {V},
    pages = {400}
}

@article{Transmissionb,
    title = {{Transmission at 100 {${}^\circ$} C in DC mode ( solid line ) vs RF mode ( dashed line ) as a function of the PTR Entry Voltage for different pressures in the reactor ( keeping constant the pressure in the cathode to isolate the effect of the reactor : Phc = 2 mbar )}},
    number = {V},
    pages = {400}
}

@article{Transmissionc,
    title = {{Transmission at 100 {${}^\circ$} C in DC mode ( solid line ) vs RF mode ( dashed line ) as a function of the PTR Entry Voltage for different pressures in the reactor ( keeping constant the pressure in the cathode to isolate the effect of the reactor : Phc = 2 mbar )}},
    number = {V},
    pages = {100}
}

@article{Transmissiond,
    title = {{Transmission in DC mode ( solid line ) vs RF mode ( dashed line ) as a function of the PTR Entry Voltage for different pressures in the reactor ( keeping Phc - Preactor = 0 . 5 mbar ) I ( nA ) PTR Entry Voltage ( V )}},
    number = {V},
    pages = {22}
}

@article{Transmissione,
    title = {{Transmission in RF mode Transmission ({\%}) PTR Entry Voltage ({\%})}},
    pages = {300}
}

@article{Transmissionf,
    title = {{Transmission through exit aperture ( SIMION ) E / N ( Td ) Events / total ions ({\%}) PTR Entry Voltage ( V )}},
    number = {V},
    pages = {550}
}

@article{CalculatedTriVoltage,
    title = {{Tri Ethyl Phosphate ( TEP ) as an E / n temperature probe Part 2 : Varying the RF amplitude at a low DC drift voltage}},
    author = {Calculated, Mass},
    pages = {1--6}
}

@article{TroubleshootingThe,
    title = {{Troubleshooting the}},
    pages = {1--10}
}

@misc{UntitledDiagram.pdf,
    title = {{Untitled Diagram.pdf}}
}

@article{Kato2004UrbanMeasurements,
    title = {{Urban air measurements using PTR-MS in Tokyo area and comparison with GC-FID measurements}},
    year = {2004},
    journal = {International Journal of Mass Spectrometry},
    author = {Kato, Shungo and Miyakawa, Yuko and Kaneko, Tatsuya and Kajii, Yoshizumi},
    number = {2},
    pages = {103--110},
    volume = {235},
    isbn = {1387-3806},
    doi = {10.1016/j.ijms.2004.03.013},
    issn = {13873806},
    keywords = {Hydrocarbon, Oxygenated volatile organic carbon, Photo chemical reaction, Urban pollution}
}

@article{Guldiken2015UseUniversity,
    title = {{Use of FDM Components for Ion Beam and Vacuum Applications by Eric M . Tridas A dissertation submitted in partial fulfillment of the requirements for the degree of Doctor of Philosophy Department of Mechanical Engineering College of Engineering University}},
    year = {2015},
    author = {Guldiken, Co-major Rasim and Ph, D and Batzill, Matthias and Ph, D and Crane, Nathan and Ph, D and Wang, Jing and Ph, D}
}

@article{Agarwal2011UseSampling,
    title = {{Use of proton transfer reaction time-of-flight mass spectrometry for the analytical detection of illicit and controlled prescription drugs at room temperature via direct headspace sampling}},
    year = {2011},
    journal = {Analytical and Bioanalytical Chemistry},
    author = {Agarwal, B. and Petersson, F. and J{\"{u}}rschik, S. and Sulzer, P. and Jordan, A. and M{\"{a}}rk, T. D. and Watts, P. and Mayhew, C. A.},
    number = {8},
    pages = {2631--2639},
    volume = {400},
    isbn = {1618-2642},
    doi = {10.1007/s00216-011-4892-8},
    issn = {16182642},
    pmid = {21475946},
    keywords = {Cocaine, Codeine, Drug detection, Ecstasy, Heroin, Illicit drugs, Morphine, PTR-TOF-MS}
}

@article{Gonzalez-Mendez2018UseSpectrometry,
    title = {{Use of Rapid Reduced Electric Field Switching to Enhance Compound Specificity for Proton Transfer Reaction-Mass Spectrometry}},
    year = {2018},
    journal = {Analytical Chemistry},
    author = {Gonz{\'{a}}lez-M{\'{e}}ndez, Ramón and Watts, Peter and Reich, D. Fraser and Mullock, Stephen J. and Cairns, Stuart and Hickey, Peter and Brookes, Matthew and Mayhew, Chris A.},
    number = {9},
    pages = {5664--5670},
    volume = {90},
    doi = {10.1021/acs.analchem.7b05211},
    issn = {15206882}
}

@article{Belbin2015USERGuide,
    title = {{USER ’ s Guide}},
    year = {2015},
    author = {Belbin, Lee and Commonwealth, The},
    number = {JANUARY 1995},
    isbn = {4065562481}
}

@article{MonitorUserGuide,
    title = {{User ’ s Guide}},
    journal = {Engineering},
    author = {Monitor, Process and Alarm, Process Limit}
}

@article{Miller2011UsingMS,
    title = {{Using the PTR-TOF MS}},
    year = {2011},
    author = {Miller, Sylvia C}
}

@article{USSForm,
    title = {{USS Salary Sacrifice Scheme Opt-Out Form}},
    pages = {31}
}

@article{deGouw2003Validation2002,
    title = {{Validation of proton transfer reaction-mass spectrometry (PTR-MS) measurements of gas-phase organic compounds in the atmosphere during the New England Air Quality Study (NEAQS) in 2002}},
    year = {2003},
    journal = {Journal of Geophysical Research: Atmospheres},
    author = {de Gouw, J. A. and Goldan, P. D. and Warneke, C. and Kuster, W. C. and Roberts, J. M. and Marchewka, M. and Bertman, S. B. and Pszenny, A. A. P. and Keene, W. C.},
    number = {D21},
    pages = {1--18},
    volume = {108},
    url = {http://doi.wiley.com/10.1029/2003JD003863},
    isbn = {0148-0227},
    doi = {10.1029/2003JD003863},
    issn = {01480227},
    pmid = {24439530},
    arxivId = {arXiv:1011.1669v3}
}

@article{Code2008Vapor-LiquidO,
    title = {{Vapor-Liquid Equilibrium of the Mixture C 6 H 12 + C 6 H 14 O}},
    year = {2008},
    author = {Code, Property and Group, Property and Mixtures, Vapor-liquid Equilibrium I N},
    number = {V},
    pages = {10--14},
    isbn = {9783540707455},
    doi = {10.1007/978-3-540-70745-5}
}

@article{Code2008Vapor-LiquidOb,
    title = {{Vapor-Liquid Equilibrium of the Mixture C 6 H 12 + C 6 H 14 O}},
    year = {2008},
    author = {Code, Property and Group, Property and Mixtures, Vapor-liquid Equilibrium I N},
    number = {V},
    pages = {10--14},
    volume = {13},
    isbn = {9783540707455},
    doi = {10.1007/978-3-540-70745-5}
}

@article{FernandezdelRio2015VolatileSamples,
    title = {{Volatile Biomarkers in Breath Associated With Liver Cirrhosis - Comparisons of Pre- and Post-liver Transplant Breath Samples}},
    year = {2015},
    journal = {EBioMedicine},
    author = {Fern{\'{a}}ndez del R{\'{i}}o, R. and O'Hara, M. E. and Holt, A. and Pemberton, P. and Shah, T. and Whitehouse, T. and Mayhew, C. A.},
    number = {9},
    pages = {1243--1250},
    volume = {2},
    publisher = {Elsevier B.V.},
    url = {http://dx.doi.org/10.1016/j.ebiom.2015.07.027},
    isbn = {2352-3964},
    doi = {10.1016/j.ebiom.2015.07.027},
    issn = {23523964},
    pmid = {26501124},
    keywords = {Breath analysis, Cirrhosis, Diagnosis limonene, Liver transplant, PTR-MS, Volatile organic compounds}
}

@article{Water,
    title = {{Water clusters DC mode E / N ( Td ) Intensity ( c / s ) PTR Entry Voltage ( V )}},
    number = {V},
    pages = {400}
}

@article{Waterb,
    title = {{Water clusters in Benzoic acid measurements ( DC mode ) E / N ( Td ) Intensity ( c / s ) PTR Entry Voltage ( V )}},
    number = {V},
    pages = {400}
}

@article{Waterc,
    title = {{Water clusters in Benzoic acid measurements ( RF mode ) Intensity ( c / s ) PTR Entry Voltage ( V )}},
    number = {V},
    pages = {400}
}

@article{Waterd,
    title = {{Water clusters in RF mode Intensity ( c / s ) PTR Entry Voltage ( V )}},
    number = {V},
    pages = {300}
}

@article{Watere,
    title = {{Water clusters Methyl benzoate measurement DC E / N ( Td ) Intensity ( c / s ) PTR Entry Voltage ( V )}},
    number = {V},
    pages = {425}
}

@article{Waterf,
    title = {{Water clusters methyl ecgoni RF mode Intensity ( c / s ) PTR Entry Voltage ( V )}},
    number = {V},
    pages = {300}
}

@article{Waterg,
    title = {{Water clusters methyl ecgonine DC mode E / N ( Td ) Intensity ( c / s ) PTR Entry Voltage ( V )}},
    number = {V},
    pages = {400},
    volume = {37}
}

@article{Waterh,
    title = {{water clusters RF mode Intensity ( c / s ) PTR Entry Voltage ( V )}},
    number = {V},
    pages = {400}
}

@article{Wateri,
    title = {{Water clusters vs PTR pressure in RF mode at PTR Entry Voltage = 20 V Intensity ( c / s ) P ( mbar )}},
    pages = {20}
}

@article{2017Www.innsbruck-hotels.at,
    title = {{www.innsbruck-hotels.at}},
    year = {2017},
    pages = {6020}
}

@article{Smart2005WxWindowsEnglish.pdf,
    title = {{wxWindows 3.1 License - English.pdf}},
    year = {2005},
    author = {Smart, Copyright C Julian and Roebling, Robert},
    number = {C},
    pages = {2005}
}

@article{Mahmoudreza2015YouItinerary,
    title = {{You have booked an additional service Your itinerary}},
    year = {2015},
    author = {Mahmoudreza, Rafiee},
    isbn = {1614455066}
}

@article{October2018Your1,
    title = {{Your booking confirmation. Transaction Id 377703273430 1}},
    year = {2018},
    author = {October, Departing Monday},
    pages = {8--11}
}

@article{Wengerowsky2019YourReceipt,
    title = {{Your e-ticket receipt}},
    year = {2019},
    author = {Wengerowsky, Dear},
    pages = {1--7},
    isbn = {1608788083}
}

@article{Silicone2016YOURT,
    title = {{YOUR  ASK  T}},
    year = {2016},
    author = {Silicone, Description and Cord, Sponge and Quantit, Price V A T and Sponge, Silicone and Sil, Cord and Su, Update},
    volume = {00}
}

@article{ZlibEnglish.pdf,
    title = {{zlib License - English.pdf}},
    pages = {3}
}

@article{Dasilveira2002,
    title = {{[ No Title ]}},
    year = {2002},
    journal = {Mycological Research},
    author = {Dasilveira, R},
    number = {11},
    pages = {1323--1330},
    volume = {106}
}

@article{Baxter2008,
    title = {{[ No Title ]}},
    year = {2008},
    journal = {Animal Genetics},
    author = {Baxter, R. and Hastings, N. and Law, a. and Glass, E. J..},
    number = {5},
    pages = {561--563},
    volume = {39},
    keywords = {1999, also, antigen, bola, bola-drb3, bovine, called the bovine leucocyte, complex, genotyping, includes many immune-related genes, lewin et al, mhc, of cattle, the major histocompatibility complex}
}

@article{Dalgleish2007,
    title = {{[ No Title ]}},
    year = {2007},
    journal = {Journal of Experimental Psychology: General},
    author = {Dalgleish, Tim and Williams, J. Mark G.. and Golden, Ann-Marie J. and Perkins, Nicola and Barrett, Lisa Feldman and Barnard, Phillip J. and Au Yeung, Cecilia and Murphy, Victoria and Elward, Rachael and Tchanturia, Kate and Watkins, Edward},
    number = {1},
    pages = {23--42},
    volume = {136},
    keywords = {autobiographical memory, depression, executive control, overgeneral memory, working}
}

@article{Dalgleish2007b,
    title = {{[ No Title ]}},
    year = {2007},
    journal = {Journal of Experimental Psychology: General},
    author = {Dalgleish, Tim and Williams, J. Mark G.. and Golden, Ann-Marie J. and Perkins, Nicola and Barrett, Lisa Feldman and Barnard, Phillip J. and Au Yeung, Cecilia and Murphy, Victoria and Elward, Rachael and Tchanturia, Kate and Watkins, Edward},
    number = {1},
    pages = {23--42},
    volume = {136},
    keywords = {autobiographical memory, depression, executive control, overgeneral memory, working}
}

@article{Dalgleish2007c,
    title = {{[ No Title ]}},
    year = {2007},
    journal = {Journal of Experimental Psychology: General},
    author = {Dalgleish, Tim and Williams, J. Mark G.. and Golden, Ann-Marie J. and Perkins, Nicola and Barrett, Lisa Feldman and Barnard, Phillip J. and Au Yeung, Cecilia and Murphy, Victoria and Elward, Rachael and Tchanturia, Kate and Watkins, Edward},
    number = {1},
    pages = {23--42},
    volume = {136},
    keywords = {autobiographical memory, depression, executive control, overgeneral memory, working}
}

@article{Dalgleish2007d,
    title = {{[ No Title ]}},
    year = {2007},
    journal = {Journal of Experimental Psychology: General},
    author = {Dalgleish, Tim and Williams, J. Mark G.. and Golden, Ann-Marie J. and Perkins, Nicola and Barrett, Lisa Feldman and Barnard, Phillip J. and Au Yeung, Cecilia and Murphy, Victoria and Elward, Rachael and Tchanturia, Kate and Watkins, Edward},
    number = {1},
    pages = {23--42},
    volume = {136},
    keywords = {autobiographical memory, depression, executive control, overgeneral memory, working}
}

@article{Dalgleish2007e,
    title = {{[ No Title ]}},
    year = {2007},
    journal = {Journal of Experimental Psychology: General},
    author = {Dalgleish, Tim and Williams, J. Mark G.. and Golden, Ann-Marie J. and Perkins, Nicola and Barrett, Lisa Feldman and Barnard, Phillip J. and Au Yeung, Cecilia and Murphy, Victoria and Elward, Rachael and Tchanturia, Kate and Watkins, Edward},
    number = {1},
    pages = {23--42},
    volume = {136},
    keywords = {autobiographical memory, depression, executive control, overgeneral memory, working}
}

@article{Baxter2008b,
    title = {{[ No Title ]}},
    year = {2008},
    journal = {Animal Genetics},
    author = {Baxter, R. and Hastings, N. and Law, a. and Glass, E. J..},
    number = {5},
    pages = {561--563},
    volume = {39},
    keywords = {1999, also, antigen, bola, bola-drb3, bovine, called the bovine leucocyte, complex, genotyping, includes many immune-related genes, lewin et al, mhc, of cattle, the major histocompatibility complex}
}

@article{Dalgleish2007f,
    title = {{[ No Title ]}},
    year = {2007},
    journal = {Journal of Experimental Psychology: General},
    author = {Dalgleish, Tim and Williams, J. Mark G.. and Golden, Ann-Marie J. and Perkins, Nicola and Barrett, Lisa Feldman and Barnard, Phillip J. and Au Yeung, Cecilia and Murphy, Victoria and Elward, Rachael and Tchanturia, Kate and Watkins, Edward},
    number = {1},
    pages = {23--42},
    volume = {136},
    keywords = {autobiographical memory, depression, executive control, overgeneral memory, working}
}

@article{Dalgleish2007g,
    title = {{[ No Title ]}},
    year = {2007},
    journal = {Journal of Experimental Psychology: General},
    author = {Dalgleish, Tim and Williams, J. Mark G.. and Golden, Ann-Marie J. and Perkins, Nicola and Barrett, Lisa Feldman and Barnard, Phillip J. and Au Yeung, Cecilia and Murphy, Victoria and Elward, Rachael and Tchanturia, Kate and Watkins, Edward},
    number = {1},
    pages = {23--42},
    volume = {136},
    keywords = {autobiographical memory, depression, executive control, overgeneral memory, working}
}

@article{Baxter2008c,
    title = {{[ No Title ]}},
    year = {2008},
    journal = {Animal Genetics},
    author = {Baxter, R. and Hastings, N. and Law, a. and Glass, E. J..},
    number = {5},
    pages = {561--563},
    volume = {39},
    keywords = {1999, also, antigen, bola, bola-drb3, bovine, called the bovine leucocyte, complex, genotyping, includes many immune-related genes, lewin et al, mhc, of cattle, the major histocompatibility complex}
}

@article{Dalgleish2007h,
    title = {{[ No Title ]}},
    year = {2007},
    journal = {Journal of Experimental Psychology: General},
    author = {Dalgleish, Tim and Williams, J. Mark G.. and Golden, Ann-Marie J. and Perkins, Nicola and Barrett, Lisa Feldman and Barnard, Phillip J. and Au Yeung, Cecilia and Murphy, Victoria and Elward, Rachael and Tchanturia, Kate and Watkins, Edward},
    number = {1},
    pages = {23--42},
    volume = {136},
    keywords = {autobiographical memory, depression, executive control, overgeneral memory, working}
}

@article{Baxter2008d,
    title = {{[ No Title ]}},
    year = {2008},
    journal = {Animal Genetics},
    author = {Baxter, R. and Hastings, N. and Law, a. and Glass, E. J..},
    number = {5},
    pages = {561--563},
    volume = {39},
    keywords = {1999, also, antigen, bola, bola-drb3, bovine, called the bovine leucocyte, complex, genotyping, includes many immune-related genes, lewin et al, mhc, of cattle, the major histocompatibility complex}
}

@article{Baxter2008e,
    title = {{[ No Title ]}},
    year = {2008},
    journal = {Animal Genetics},
    author = {Baxter, R. and Hastings, N. and Law, a. and Glass, E. J..},
    number = {5},
    pages = {561--563},
    volume = {39},
    keywords = {1999, also, antigen, bola, bola-drb3, bovine, called the bovine leucocyte, complex, genotyping, includes many immune-related genes, lewin et al, mhc, of cattle, the major histocompatibility complex}
}

@article{Dalgleish2007i,
    title = {{[ No Title ]}},
    year = {2007},
    journal = {Journal of Experimental Psychology: General},
    author = {Dalgleish, Tim and Williams, J. Mark G.. and Golden, Ann-Marie J. and Perkins, Nicola and Barrett, Lisa Feldman and Barnard, Phillip J. and Au Yeung, Cecilia and Murphy, Victoria and Elward, Rachael and Tchanturia, Kate and Watkins, Edward},
    number = {1},
    pages = {23--42},
    volume = {136},
    keywords = {autobiographical memory, depression, executive control, overgeneral memory, working}
}

@article{Baxter2008f,
    title = {{[ No Title ]}},
    year = {2008},
    journal = {Animal Genetics},
    author = {Baxter, R. and Hastings, N. and Law, a. and Glass, E. J..},
    number = {5},
    pages = {561--563},
    volume = {39},
    keywords = {1999, also, antigen, bola, bola-drb3, bovine, called the bovine leucocyte, complex, genotyping, includes many immune-related genes, lewin et al, mhc, of cattle, the major histocompatibility complex}
}

@article{Dalgleish2007j,
    title = {{[ No Title ]}},
    year = {2007},
    journal = {Journal of Experimental Psychology: General},
    author = {Dalgleish, Tim and Williams, J. Mark G.. and Golden, Ann-Marie J. and Perkins, Nicola and Barrett, Lisa Feldman and Barnard, Phillip J. and Au Yeung, Cecilia and Murphy, Victoria and Elward, Rachael and Tchanturia, Kate and Watkins, Edward},
    number = {1},
    pages = {23--42},
    volume = {136},
    keywords = {autobiographical memory, depression, executive control, overgeneral memory, working}
}

@article{Dalgleish2007k,
    title = {{[ No Title ]}},
    year = {2007},
    journal = {Journal of Experimental Psychology: General},
    author = {Dalgleish, Tim and Williams, J. Mark G.. and Golden, Ann-Marie J. and Perkins, Nicola and Barrett, Lisa Feldman and Barnard, Phillip J. and Au Yeung, Cecilia and Murphy, Victoria and Elward, Rachael and Tchanturia, Kate and Watkins, Edward},
    number = {1},
    pages = {23--42},
    volume = {136},
    keywords = {autobiographical memory, depression, executive control, overgeneral memory, working}
}

@article{Rd201721.25,
    title = {{{\pounds}21.25}},
    year = {2017},
    author = {Rd, Comet},
    pages = {23--25}
}

@article{Rd201822.02,
    title = {{{\pounds}22.02}},
    year = {2018},
    author = {Rd, Comet},
    pages = {5--7}
}

@article{Rd201724.56,
    title = {{{\pounds}24.56}},
    year = {2017},
    author = {Rd, Comet},
    pages = {4--5}
}

@article{Ding20050,
    title = {{ͭ 1, 0, 0}},
    year = {2005},
    author = {Ding, Desheng and Tong, Xiangjie and He, Peizhong},
    number = {L},
    pages = {1--4},
    doi = {10.1121/1.1953187}
}

@article{Federation2015-Form,
    title = {{Анкета-заявление / Application form}},
    year = {2015},
    author = {Federation, Russian and Federation, Russian},
    pages = {24--27}
}

@article{Page2015,
    title = {{“ IMPACT ”}},
    year = {2015},
    author = {Page, Start and Actions, Marie Skłodowska-curie}
}

@article{2018NoTitle,
    title = {{温度補償が関係する@仙台No Title}},
    year = {2018},
    author = {阿部, 貴晃 and 北川, 貴士 and 佐藤, 克文},
    pages = {1--16}
}

@article{Cochrane0,
    title = {{ (   +1 ) = 0}},
    author = {Cochrane, John H},
    number = {c},
    pages = {8--16}
}