%%%%%%%%%%%%%%%%%%%%%%%%%%%%%%%%%%%%%%%%%%%%%%%%%%%%%%%%%%%%%%%%%%%%%%%%%
%%%%%%																%%%%%
%%%%%%				new references go here							%%%%%
%%%%%%																%%%%%
%%%%%%%%%%%%%%%%%%%%%%%%%%%%%%%%%%%%%%%%%%%%%%%%%%%%%%%%%%%%%%%%%%%%%%%%%

@article{doi:10.1002/rcm.1290030312,
author = {Ikezoe, Yasumasa and  Matsuoka, Shingo and  Takebe, Masahiro  and  Viggiano, Albert},
title = {Gas Phase Ion - Molecule Reaction Rate Constants Through 1986.},
journal = {Maruzen Company Ltd, Tokyo},
year = {1987}
}


@article{RN601,
title = {On-line monitoring of volatile organic compounds at pptv levels by means of proton-transfer-reaction mass spectrometry ({PTR-MS}). {M}edical applications, food control and environmental research},
journal = {International Journal of Mass Spectrometry and Ion Processes},
volume = {173},
number = {3},
pages = {191-241},
year = {1998},
issn = {0168-1176},
doi = {10.1016/S0168-1176(97)00281-4},
eprint = {http://www.sciencedirect.com/science/article/pii/S0168117697002814},
url = {http://www.sciencedirect.com/science/article/pii/S0168117697002814},
author = {Lindinger, Werner and  Hansel, Armin  and  Jordan, Alfons},
keywords = {Proton-Transfer-Reaction Mass Spectrometer, Breath analysis, VOC emissions, On-line monitoring, Henry's constants, Tropospheric trace constituents}
}

@article{RN445,
   author = {Gonz\'alez-M\'endez, Ram\'on and Reich, D. Fraser and Mullock, Stephen J. and Corlett, Clive A. and Mayhew, Christopher A.},
   title = {Development and use of a thermal desorption unit and proton transfer reaction mass spectrometry for trace explosive detection: Determination of the instrumental limits of detection and an investigation of memory effects},
   journal = {International Journal of Mass Spectrometry},
   volume = {385},
   pages = {13-18},
   ISSN = {1387-3806},
   DOI = {10.1016/j.ijms.2015.05.003},
   year = {2015},
   type = {Journal Article}
}


@article{RN1254,
   author = {Sulzer, Philipp and Agarwal, Bishu and J\"{u}rschik, Simone and Lanza, Matteo and Jordan, Alfons and Hartungen, Eugen and Hanel, Gernot and Mark, Lukas and Mark, Tilmann D. and Gonz\'alez-M\'endez, Ram\'on and Watts, Peter and Mayhew, Chris A.},
   title = {Applications of switching reagent ions in proton transfer reaction mass spectrometric instruments for the improved selectivity of explosive compounds},
   journal = {International Journal of Mass Spectrometry},
   volume = {354},
   pages = {123-128},
   ISSN = {1387-3806},
   DOI = {10.1016/j.ijms.2013.05.004},
   year = {2013},
   type = {Journal Article}
}

@article{doi:10.1002/jms.2993,
author = {J\"{u}rschik, Simone  and Agarwal, Bishu and Kassebacher, Thomas and Sulzer, Philipp and Mayhew, Christopher A. and M\"{a}rk, Tilmann D.},
title = {Rapid and facile detection of four date rape drugs in different beverages utilizing proton transfer reaction mass spectrometry ({PTR-MS})},
journal = {Journal of Mass Spectrometry},
volume = {47},
number = {9},
pages = {1092-1097},
keywords = {PTR-MS, PTR-TOFMS, food safety, rape drug detection, contamination monitoring, drink spiking, proton transfer reaction},
doi = {10.1002/jms.2993},
url = {https://onlinelibrary.wiley.com/doi/abs/10.1002/jms.2993},
eprint = {https://onlinelibrary.wiley.com/doi/pdf/10.1002/jms.2993}
}

@Article{Agarwal2011,
author={Agarwal, B. and Petersson, F. and J\"{u}rschik, S. and Sulzer, P. and Jordan, A. and M\"{a}rk, T. D. and Watts, P. and Mayhew, C. A.},
title={Use of proton transfer reaction time-of-flight mass spectrometry for the analytical detection of illicit and controlled prescription drugs at room temperature via direct headspace sampling},
journal={Analytical and Bioanalytical Chemistry},
year={2011},
volume={400},
number={8},
pages={2631-2639},
issn={1618-2650},
doi={10.1007/s00216-011-4892-8},
url={https://doi.org/10.1007/s00216-011-4892-8}
}

@article{FERNANDEZDELRIO20151243,
title = {Volatile Biomarkers in Breath Associated With Liver Cirrhosis - Comparisons of Pre- and Post-liver Transplant Breath Samples},
journal = {EBioMedicine},
volume = {2},
number = {9},
pages = {1243 - 1250},
year = {2015},
issn = {2352-3964},
doi = {https://doi.org/10.1016/j.ebiom.2015.07.027},
url = {http://www.sciencedirect.com/science/article/pii/S2352396415300797},
author = {Fern\'andez del R\'io, R.  and O'Hara, M.E.  and Holt,  A.  and  Pemberton, P. and  Shah, T. and Whitehouse, T. and C.A. Mayhew},
keywords = {Breath analysis, Cirrhosis, Diagnosis limonene, Liver transplant, PTR-MS, Volatile organic compounds}
}

@article{GONZALEZMENDEZ201513,
title = {Development and use of a thermal desorption unit and proton transfer reaction mass spectrometry for trace explosive detection: Determination of the instrumental limits of detection and an investigation of memory effects},
journal = {International Journal of Mass Spectrometry},
volume = {385},
pages = {13 - 18},
year = {2015},
issn = {1387-3806},
doi = {https://doi.org/10.1016/j.ijms.2015.05.003},
url = {http://www.sciencedirect.com/science/article/pii/S1387380615001293},
author = {Gonz\'alez-M\'endez, Ram\'on and Reich, D. Fraser and Mullock, Stephen J.  and Corlett, Clive A.  and Mayhew, Chris A.},
keywords = {Proton transfer reaction mass spectrometry (PTR-MS), Explosives, Explosives detection, Thermal desorption unit}
}


@article{doi:10.1021/acs.analchem.6b02982,
author = {Gonz\'alez-M\'endez, Ram\'on and Watts, Peter and Olivenza-Le\'on, David and Reich, D. Fraser and Mullock, Stephen J. and Corlett, Clive A. and Cairns, Stuart and Hickey, Peter and Brookes, Matthew and Mayhew, Chris A.},
title = {{Enhancement of Compound Selectivity Using a Radio Frequency Ion-Funnel Proton Transfer Reaction Mass Spectrometer: Improved Specificity for Explosive Compounds}},
journal = {Analytical Chemistry},
volume = {88},
number = {21},
pages = {10624-10630},
year = {2016},
keywords = {p, mio, publicado},
doi = {10.1021/acs.analchem.6b02982},
url = {https://doi.org/10.1021/acs.analchem.6b02982},
eprint = {https://doi.org/10.1021/acs.analchem.6b02982}
}

@article{ketones,
author = {Mal\'askov\'a, Michaela and Olivenza-Le\'on, David and Piel, Felix and Mochalski, Pawel and Ruzsanyi, Veronika and Sulzer, Philipp and J\"{u}rschik, Simone and Mayhew, Chris A. and M\"{a}rk, Tilmann D.},
title = {Compendium of the reactions of {H\textsubscript{3}O\textsuperscript{+}} with selected ketones of relevance to breath analysis using {Proton Transfer Reaction Mass Spectrometry}},
journal = {Frontiers in Chemistry...},
volume = {1},
number = {1},
pages = {1-1},
year = {2019},
keywords = {p, mio, publicado},
%doi = {10.1021/acs.analchem.6b02982},
%url = {https://doi.org/10.1021/acs.analchem.6b02982},
%eprint = {https://doi.org/10.1021/acs.analchem.6b02982}
}


@article{doi:10.1002/jms.3519,
author = {Tridas, Eric and Anthony, J. Mark and Guldiken, Rasim and Schlaf, Rudy},
title = {Enhanced simulation of an {RF} ion funnel including gas turbulence},
journal = {Journal of Mass Spectrometry},
volume = {50},
number = {1},
pages = {206-211},
year = {2015},
keywords = {ion funnel, electrospray, {SIMION}, computational fluid dynamics, ion optics},
doi = {10.1002/jms.3519},
url = {https://onlinelibrary.wiley.com/doi/abs/10.1002/jms.3519},
eprint = {https://onlinelibrary.wiley.com/doi/pdf/10.1002/jms.3519},
}

@article{doi:10.1021/acs.analchem.5b02994,
author = {Spesyvyi, Anatolii and Smith, David and \v{S}pan\v{e}l, Patrik},
title = {Selected Ion Flow-Drift Tube Mass Spectrometry: Quantification of Volatile Compounds in Air and Breath},
journal = {Analytical Chemistry},
volume = {87},
number = {24},
pages = {12151-12160},
year = {2015},
doi = {10.1021/acs.analchem.5b02994},
URL = {https://doi.org/10.1021/acs.analchem.5b02994},
eprint = {https://doi.org/10.1021/acs.analchem.5b02994}}

@article{ENNIS200572,
title = {A hollow cathode proton transfer reaction time of flight mass spectrometer},
journal = {International Journal of Mass Spectrometry},
volume = {247},
number = {1},
pages = {72-80},
year = {2005},
issn = {1387-3806},
doi = {10.1016/j.ijms.2005.09.008},
url = {http://www.sciencedirect.com/science/article/pii/S1387380605002472},
author = {C.J. Ennis and J.C. Reynolds and B.J. Keely and L.J. Carpenter},
keywords = {Proton transfer reaction mass spectrometry, Atmospheric analysis, Time of flight mass spectrometry}
}

@article{doi:10.1021/acs.analchem.7b05211,
author = {Gonz\'alez-M\'endez, Ram\'on and Watts, Peter and Reich, D. Fraser and Mullock, Stephen J. and Cairns, Stuart and Hickey, Peter and Brookes, Matthew and Mayhew, Chris A.},
title = {Use of Rapid Reduced Electric Field Switching to Enhance Compound Specificity for Proton Transfer Reaction-Mass Spectrometry},
journal = {Analytical Chemistry},
volume = {90},
number = {9},
pages = {5664-5670},
year = {2018},
doi = {10.1021/acs.analchem.7b05211},
    note ={PMID: 29629760},
URL = { 
        https://doi.org/10.1021/acs.analchem.7b05211},
eprint = { 
        https://doi.org/10.1021/acs.analchem.7b05211   }
}


@article{doi:10.1063/1.556018,
author = {Hunter,Edward P. L.  and Lias,Sharon G. },
title = {Evaluated Gas Phase Basicities and Proton Affinities of Molecules: An Update},
journal = {Journal of Physical and Chemical Reference Data},
volume = {27},
number = {3},
pages = {413-656},
year = {1998},
doi = {10.1063/1.556018},

URL = { 
        https://doi.org/10.1063/1.556018
    
},
eprint = { 
        https://doi.org/10.1063/1.556018 
}
}

@online{nistoxygen,
author = {NIST},
title = {Atomic weights and isotopic compositions for oxygen},
year = {2018},
url = {https://physics.nist.gov/cgi-bin/Compositions/stand_alone.pl?ele=O&isotype=some},
urldate = {2018-07-05}
}

@online{ioniconlod,
author = {{IONICON Analytik GmbH}},
title = {Sensitivity and {LoD}},
year = {2018},
url = {http://www.ionicon.com/information/technology/sensitivity-and-lod},
urldate = {2018-07-22}
}

@article{Chung123,
author = {Lynn, Eric C. and Chung, Ming-Chun and Han, Chau-Chung},
title = {Characterizing the transmission properties of an ion funnel},
journal = {Rapid Communications in Mass Spectrometry},
volume = {14},
number = {22},
pages = {2129-2134},
year = {2000},
url = {https://onlinelibrary.wiley.com/doi/abs/10.1002/1097-0231%2820001130%2914%3A22%3C2129%3A%3AAID-RCM144%3E3.0.CO%3B2-M},
doi = {10.1002/1097-0231(20001130)14:22<2129::AID-RCM144>3.0.CO;2-M}
}


@article{GRAUS20101037,
author = {Martin Graus and Markus M\"{u}ller and Armin Hansel},
title = {High Resolution {PTR-TOF}: Quantification and Formula Confirmation of {VOC} in Real Time},
journal = {Journal of the American Society for Mass Spectrometry},
volume = {21},
number = {6},
pages = {1037-1044},
year = {2010},
issn = {1044-0305},
doi = {10.1016/j.jasms.2010.02.006},
url = {http://www.sciencedirect.com/science/article/pii/S1044030510001005}
}

@article{doi:10.1002/rcm.7254,
author = {Spesyvyi, Anatolii and \v{S}pan\v{e}l, Patrik},
title = {Determination of residence times of ions in a resistive glass selected ion flow-drift tube using the {H}adamard transformation},
journal = {Rapid Communications in Mass Spectrometry},
volume = {29},
number = {17},
pages = {1563-1570},
doi = {10.1002/rcm.7254},
url = {https://onlinelibrary.wiley.com/doi/abs/10.1002/rcm.7254},
eprint = {https://onlinelibrary.wiley.com/doi/pdf/10.1002/rcm.7254},
}

@article{doi:10.1029/2003JD003863,
author = {de Gouw, J. A. and Goldan, P. D. and Warneke, C. and Kuster, W. C. and Roberts, J. M. and Marchewka, M. and Bertman, S. B. and Pszenny, A. A. P. and Keene, W. C.},
title = {Validation of proton transfer reaction-mass spectrometry ({PTR-MS}) measurements of gas-phase organic compounds in the atmosphere during the {N}ew {E}ngland {A}ir {Q}uality {S}tudy ({NEAQS}) in 2002},
journal = {Journal of Geophysical Research: Atmospheres},
volume = {108},
number = {D21},
%pages = {},
year = {2003},
keywords = {VOC measurements, PTR-MS, intercomparison},
url = {https://agupubs.onlinelibrary.wiley.com/doi/abs/10.1029/2003JD003863},
eprint = {https://agupubs.onlinelibrary.wiley.com/doi/pdf/10.1029/2003JD003863},
%doi = {10.1029/2003JD003863}
}

@article{ROGERS200626,
title = {On-road measurements of volatile organic compounds in the {M}exico {C}ity metropolitan area using proton transfer reaction mass spectrometry},
journal = {International Journal of Mass Spectrometry},
volume = {252},
number = {1},
pages = {26 - 37},
year = {2006},
issn = {1387-3806},
doi = {https://doi.org/10.1016/j.ijms.2006.01.027},
url = {http://www.sciencedirect.com/science/article/pii/S1387380606000583},
author = {T.M. Rogers and E.P. Grimsrud and S.C. Herndon and J.T. Jayne and C.E. Kolb and E. Allwine and H. Westberg and B.K. Lamb and M. Zavala and L.T. Molina and M.J. Molina and W.B. Knighton},
keywords = {PTR-MS, Proton transfer, Chemical ionization, Vehicle exhaust, VOC emissions}}

@article{doi:10.1152/jappl.2001.91.2.762,
author = {Karl, Thomas and Prazeller, Peter and Mayr, Dagmar and Jordan, Alfons and Rieder, Josef and Fall, Ray and Lindinger, Werner},
title = {Human breath isoprene and its relation to blood cholesterol levels: new measurements and modeling},
journal = {Journal of Applied Physiology},
volume = {91},
number = {2},
pages = {762-770},
year = {2001},
doi = {10.1152/jappl.2001.91.2.762},
    note ={PMID: 11457792},
URL = {https://doi.org/10.1152/jappl.2001.91.2.762},
eprint = {https://doi.org/10.1152/jappl.2001.91.2.762}
}

@article{amann2014,
author={Amann, Anton and  Mochalski,Pawel and  Ruzsanyi, Vera and  Broza, Yoav Y and  Haick, Hossam},
title={Assessment of the exhalation kinetics of volatile cancer biomarkers based on their physicochemical properties},
journal={Journal of Breath Research},
volume={8},
number={1},
pages={016003},
url={http://stacks.iop.org/1752-7163/8/i=1/a=016003},
year={2014}
}
	
@article{doi:10.1021/jf020922g,
author = {Boscaini, Elena and van Ruth, Saskia and Biasioli, Franco and Gasperi, Flavia and M\"{a}rk, Tilmann D.},
title = {Gas Chromatography-Olfactometry ({GC-O}) and Proton Transfer Reaction-Mass Spectrometry ({PTR-MS}) Analysis of the Flavor Profile of Grana Padano, Parmigiano Reggiano, and Grana Trentino Cheeses},
journal = {Journal of Agricultural and Food Chemistry},
volume = {51},
number = {7},
pages = {1782-1790},
year = {2003},
doi = {10.1021/jf020922g},
    note ={PMID: 12643630},
URL = {https://doi.org/10.1021/jf020922g},
eprint = {https://doi.org/10.1021/jf020922g}
}

@article{doi:10.1021/jf803998c,
author = {Aprea, Eugenio and Biasioli, Franco and Carlin, Silvia and Endrizzi, Isabella and Gasperi, Flavia},
title = {Investigation of Volatile Compounds in Two Raspberry Cultivars by Two Headspace Techniques: Solid-Phase Microextraction/Gas Chromatography-Mass Spectrometry ({SPME/GC-MS}) and Proton-Transfer Reaction-Mass Spectrometry ({PTR-MS})},
journal = {Journal of Agricultural and Food Chemistry},
volume = {57},
number = {10},
pages = {4011-4018},
year = {2009},
doi = {10.1021/jf803998c},
    note ={PMID: 19348421},
URL = {https://doi.org/10.1021/jf803998c},
eprint = {https://doi.org/10.1021/jf803998c}
}

@article{doi:10.1002/jms.1797,
author = {Fabris, Alessandra and Biasioli, Franco and Granitto, Pablo M. and Aprea, Eugenio and Cappellin, Luca and Schuhfried, Erna and Soukoulis, Christos and M\"ark, Tilmann D. and Gasperi, Flavia and Endrizzi, Isabella},
title = {PTR-TOF-MS and data-mining methods for rapid characterisation of agro-industrial samples: influence of milk storage conditions on the volatile compounds profile of Trentingrana cheese},
journal = {Journal of Mass Spectrometry},
volume = {45},
number = {9},
pages = {1065-1074},
keywords = {proton transfer reaction mass spectrometry, time of flight, Trentingrana, volatile compounds, cheese},
doi = {10.1002/jms.1797},
url = {https://onlinelibrary.wiley.com/doi/abs/10.1002/jms.1797},
eprint = {https://onlinelibrary.wiley.com/doi/pdf/10.1002/jms.1797}
}

@article{DAHL20003,
title = {Simion for the personal computer in reflection},
journal = {International Journal of Mass Spectrometry},
volume = {200},
number = {1},
pages = {3-5},
year = {2000},
note = {Volume 200: The state of the field as we move into a new millenium},
issn = {1387-3806},
doi = {https://doi.org/10.1016/S1387-3806(00)00305-5},
url = {http://www.sciencedirect.com/science/article/pii/S1387380600003055},
author = {David A Dahl},
keywords = {Ion optics}
}

@article{manura2008simion,
  title={{SIMION} Version 8.0. 4},
  author={Manura, D and Dahl, DA},
  journal={Idaho National Laboratory},
  volume={2011},
  year={2008}
}

@article{appelhans2002measurement,
  title={Measurement of external ion injection and trapping efficiency in the ion trap mass spectrometer and comparison with a predictive model},
  author={Appelhans, Anthony David and Dahl, David Adrian},
  journal={International Journal of Mass Spectrometry},
  volume={216},
  number={3},
  pages={269-284},
  year={2002},
  publisher={Elsevier}
}

@book{hirschfelder1954molecular,
  title={Molecular theory of gases and liquids},
  author={Hirschfelder, Joseph O and Curtiss, Charles F and Bird, Robert Byron and Mayer, Maria Goeppert},
  volume={26},
  year={1954},
  publisher={Wiley New York}
}


@article{TOLMACHEV2003155,
title = {Modeling the ion density distribution in collisional cooling {RF} multipole ion guides},
journal = {International Journal of Mass Spectrometry},
volume = {222},
number = {1},
pages = {155 - 174},
year = {2003},
issn = {1387-3806},
doi = {https://doi.org/10.1016/S1387-3806(02)00960-0},
url = {http://www.sciencedirect.com/science/article/pii/S1387380602009600},
author = {Aleksey V. Tolmachev and Harold R. Udseth and Richard D. Smith},
keywords = {Ion cooling, Mass range, Space charge, Computer modeling, Simulation}
}



@article{doi:10.1021/ac990346w,
author = {Shaffer, Scott A. and Tolmachev, Aleksey and Prior, David C. and Anderson, Gordon A. and Udseth, Harold R. and Smith, Richard D.},
title = {Characterization of an Improved Electrodynamic Ion Funnel Interface for Electrospray Ionization Mass Spectrometry},
journal = {Analytical Chemistry},
volume = {71},
number = {15},
pages = {2957-2964},
year = {1999},
doi = {10.1021/ac990346w},
    note ={PMID: 10450147},

URL = { 
        https://doi.org/10.1021/ac990346w
    
},
eprint = { 
        https://doi.org/10.1021/ac990346w
    
}

}

@article{TOLMACHEV200031,
title = "Simulation-based optimization of the electrodynamic ion funnel for high sensitivity electrospray ionization mass spectrometry",
journal = "International Journal of Mass Spectrometry",
volume = "203",
number = "1",
pages = "31 - 47",
year = "2000",
issn = "1387-3806",
doi = "https://doi.org/10.1016/S1387-3806(00)00265-7",
url = "http://www.sciencedirect.com/science/article/pii/S1387380600002657",
author = "Aleksey V. Tolmachev and Taeman Kim and Harold R. Udseth and Richard D. Smith and Thomas H. Bailey and Jean H. Futrell",
keywords = "Electrospray, Ion cooling, Mass range, Space charge, Computer modeling, Simulation"
}


@article{Dotan,
author = {Dotan, I.  and Albritton, D. L.  and Lindinger, W.  and Pahl, M. },
title = {Mobilities of {CO\textsubscript{2}\textsuperscript{+}}, {N\textsubscript{2}H\textsuperscript{+}}, {H\textsubscript{3}O\textsuperscript{+}}, {H\textsubscript{3}O\textsuperscript{+}H\textsubscript{2}O}, and {H\textsubscript{3}O\textsuperscript{+}(H\textsubscript{2}O)\textsubscript{2}} ions in {N\textsubscript{2}}},
journal = {The Journal of Chemical Physics},
volume = {65},
number = {11},
pages = {5028-5030},
year = {1976},
doi = {10.1063/1.432943},
URL = {https://doi.org/10.1063/1.432943},
eprint = { https://doi.org/10.1063/1.432943}}



@article{APPELHANS20051,
title = "{SIMION} ion optics simulations at atmospheric pressure",
journal = "International Journal of Mass Spectrometry",
volume = "244",
number = "1",
pages = "1 - 14",
year = "2005",
issn = "1387-3806",
doi = "https://doi.org/10.1016/j.ijms.2005.03.010",
url = "http://www.sciencedirect.com/science/article/pii/S1387380605001089",
author = "Anthony D. Appelhans and David A. Dahl",
keywords = "Ion optics, IMS, {SIMION}, Ion transport, Ion trajectory simulation"
}



@article{barber2012increased,
  title={Increased sensitivity in proton transfer reaction mass spectrometry by incorporation of a radio frequency ion funnel},
  author={Barber, Shane and Blake, Robert S and White, Iain R and Monks, Paul S and Reich, Fraser and Mullock, Steve and Ellis, Andrew M},
  journal={Analytical chemistry},
  volume={84},
  number={12},
  pages={5387--5391},
  year={2012},
  publisher={ACS Publications}
}


@article{su1994parametrization,
  title={Parametrization of kinetic energy dependences of ion--polar molecule collision rate constants by trajectory calculations},
  author={Su, Timothy},
  journal={The Journal of chemical physics},
  volume={100},
  number={6},
  pages={4703--4703},
  year={1994},
  publisher={AIP}
}

@book{lide2012crc,
  title={CRC handbook of chemistry and physics},
  author={Lide, David R and others},
  year={2012},
  publisher={CRC Boca Raton}
}

@book{ellis2013proton,
  title={Proton transfer reaction mass spectrometry: principles and applications},
  author={Ellis, Andrew M and Mayhew, Christopher A},
  year={2013},
  publisher={John Wiley \& Sons}
}




























